3184 4934
564 400 738 466 8918

566 561 643 608 les
682 557 913 615 fuerunt,
948 574 1043 623 per
1064 560 1346 611 dictatores
1386 568 1624 619 exactus,

564 649 717 700 quem
740 636 914 684 Livius
948 638 1337 699 nou-agnoscit,
1359 643 1505 697 patet
1538 634 1620 683 Li·

565 711 720 775 vium,
733 725 800 760 ex
815 712 1099 763 rationibus
1114 710 1481 775 chronologicis
1494 724 1618 773 quas

564 787 829 850 probavit,
865 788 1091 837 scribere
1130 788 1357 850 potuisse
1404 785 1618 836 Fabium

558 864 751 926 legem,
773 877 874 925 qua
908 862 1042 911 intra
1074 863 1253 911 decem
1286 876 1445 911 annos
1476 875 1619 911 eum·

448 946 459 953 ·
562 935 679 985 dem
715 938 977 986 consulem
1012 936 1154 985 refici
1186 950 1287 985 non
1311 937 1514 996 liceret,
1540 948 1618 987 re·

559 1012 709 1061 citeri
719 1014 955 1076 jussisse,
974 1012 1203 1075 adeoque
1216 1026 1333 1061 eum
1345 1024 1617 1061 censuram

562 1084 811 1135 Olore-ni
844 1088 1083 1135 meritum
1117 1100 1219 1136 non
1254 1083 1431 1139 fuisse.
1496 1085 1617 1135 Alia

560 1163 779 1227 quaestio
800 1168 899 1226 est,
917 1172 1089 1212 utrum
1114 1178 1275 1211 ennius
1306 1178 1614 1215 marmorum

560 1238 789 1301 Capitol.
836 1240 1045 1289 omnino
1084 1238 1493 1300 iuter-ponendus
1528 1240 1614 1290 sit.

559 1313 726 1365 Quem
751 1329 907 1379 quum
940 1327 1125 1363 revera
1154 1315 1513 1377 interpositum
1537 1314 1616 1363 fu·

558 1388 664 1437 isse
701 1389 1147 1453 simper-suadeat
1190 1389 1424 1452 Pighius,
1458 1391 1614 1439 etiam

556 1466 943 1515 excusationem
990 1466 1137 1515 Fabii
1180 1466 1245 1513 ed
1291 1480 1477 1514 anunm
1534 1481 1612 1515 se-

556 1548 824 1603 quentem,
846 1555 947 1605 quo
971 1540 1187 1604 populus
1206 1542 1541 1591 ’consulatum
1562 1543 1612 1591 ei

554 1614 857 1664 continuere
888 1614 1110 1668 volebat.
1142 1614 1465 1665 referendam
1498 1630 1614 1665 esse

556 1689 890 1750 existimavit,
912 1690 1145 1753 adeoque
1172 1691 1368 1739 Livium
1394 1691 1526 1739 male
1546 1692 1610 1741 ad

554 1764 691 1813 bunc
712 1778 897 1813 aunum
922 1766 1173 1813 retulisse.
1228 1765 1359 1814 Vide
1381 1780 1495 1831 quae
1520 1780 1612 1815 no·

558 1841 687 1889 tavit
710 1840 761 1889 iu
785 1839 973 1889 Annal.
996 1840 1062 1889 ad
1088 1855 1136 1887 a.
1154 1852 1370 1890 «πηνα.
1413 1856 1465 1904 p.
1496 1846 1611 1892 800.

556 1914 749 1962 Verum
774 1915 885 1962 sine
906 1914 1064 1963 dubio
1090 1915 1265 1963 Livius
1286 1929 1405 1964 suos
1424 1916 1612 1967 hebuit

554 1991 784 2052 annales,
806 2004 937 2053 quos
960 1998 1171 2041 secutus
1204 1999 1313 2051 est;
1346 2000 1399 2041 et
1424 1993 1497 2041 ita
1519 2006 1609 2056 po-

556 2064 657 2113 ti'us
680 2065 1001 2114 accusandus
1036 2065 1189 2129 foret,
1211 2066 1349 2129 quod
1373 2076 1609 2118 errantes

552 2140 708 2191 duces
734 2140 978 2204 probarit.
1044 2142 1195 2193 Quod
1228 2152 1405 2192 sutem
1422 2144 1608 2193 Glare-

553 2229 679 2266 anus
702 2216 948 2280 excipiat,
964 2218 1128 2279 legem
1154 2216 1285 2286 hanc
1306 2218 1461 2266 toties
1482 2232 1610 2281 neg-

550 2291 735 2340 lectum
775 2306 929 2354 esse;
970 2306 1071 2341 nou
1114 2290 1293 2348 efficit,
1332 2308 1445 2343 eum
1490 2308 1607 2343 cum

550 2364 742 2417 effectu
766 2382 797 2415 e
821 2367 981 2416 Fabio
1003 2367 1194 2430 obponi
1218 2382 1323 2416 non
1356 2372 1608 2431 potuisse.

614 2445 645 2505 ξ
666 2447 699 2490 0
738 2442 839 2491 Vix
866 2456 971 2505 ιιι-α
998 2444 1199 2505 strepitu
1218 2445 1383 2493 audita
1402 2444 1483 2493 lex
1500 2451 1569 2493 est
1588 2460 1608 2493 .-

548 2515 817 2580 tribunique
834 2517 1008 2580 plebis]
1041 2517 1177 2566 Pali.
1198 2516 1299 2567 duo
1330 2532 1417 2579 per
1436 2519 1608 2581 strepi-

546 2594 665 2639 tans.
720 2589 951 2639 Andreae
974 2589 1059 2639 ed.
1078 2605 1166 2652 pro
1182 2592 1400 2653 strepitu.
1436 2592 1606 2641 Gebh-

548 2665 651 2713 Per
668 2664 922 2728 strepitum
945 2665 1095 2714 Voss.
1113 2668 1163 2715 2.
1188 2667 1313 2715 Lov.
1337 2671 1387 2715 2.
1406 2670 1457 2717 3.
1476 2672 1527 2717 4.
1548 2678 1606 2717 et

546 2738 735 2804 fragm.
760 2741 895 2790 Hav.
952 2742 1115 2790 Male.
1174 2741 1606 2805 Proeposltionem

539 2829 644 2877 prae
677 2815 785 2871 hoc,
806 2828 959 2864 seusu
992 2816 1261 2863 inlustrari
1284 2829 1363 2864 vt.
1384 2822 1467 2867 40.
1499 2820 1528 2881 (3
1556 2822 1604 2866 1.

545 2891 647 2941 Per·
666 2900 723 2941 et
748 2905 852 2954 proe
874 2891 1031 2940 etiam
1056 2891 1179 2941 alibi
1202 2900 1603 2942 commutentur.

544 2967 853 3029 Exemplum
900 2966 1167 3015 habuimus
1216 2980 1291 3016 ix.
1334 2971 1414 3015 40.
1458 2970 1486 3032 ς
1522 2973 1606 3017 20.

544 3041 678 3091 Vide
710 3042 773 3089 ad
806 3055 887 3091 ιιι.
920 3046 999 3091 10.
1024 3044 1053 3105 ς
1074 3046 1125 3092 7.
1189 3042 1319 3091 Tum
1340 3044 1508 3093 audita
1530 3049 1602 3093 est

542 3118 623 3165 lex
656 3116 801 3165 Leid-
836 3120 882 3164 1.
920 3116 1071 3165 Port.
1108 3116 1325 3166 Geel-tn.
1364 3126 1421 3165 et
1460 3118 1600 3168 Hav-

540 3192 753 3242 Deiude
773 3192 955 3241 tribuni
967 3205 1144 3253 quoque
1162 3200 1269 3239 tres
1286 3192 1600 3254 posteriores

540 3268 695 3318 codd.
752 3268 889 3315 Vide
912 3266 977 3313 ad
1002 3279 1055 3315 v.
1076 3268 1207 3330 2⁷.§
1233 3270 1279 3315 1.
1336 3266 1465 3315 Mox
1486 3282 1600 3328 age.

540 3343 641 3405 but,
678 3357 771 3405 pro
803 3341 975 3395 aiebat,
1014 3340 1291 3389 Klockian.
1359 3338 1494 3388 vide
1532 3342 1598 3389 ad

537 3431 663 3466 νιιι.
698 3419 779 3464 88.
817 3418 949 3479 §Ra
1014 3414 1112 3464 Sed
1140 3417 1203 3463 ad
1234 3416 1453 3479 populum
1474 3417 1600 3466 hutt-

534 3509 633 3549 ros,
674 3507 767 3555 pro
805 3506 855 3541 se
888 3493 951 3539 ud
980 3492 1217 3554 poprium,
1255 3492 1401 3543 Voss.
1431 3494 1598 3550 umbo,

534 3568 685 3618 Leid.
706 3568 875 3623 ambo,
902 3568 1026 3616 Lov.
1044 3571 1093 3616 8.
1116 3565 1299 3629 fragm.
1316 3568 1451 3617 Hav.
1470 3570 1598 3619 Exc.

534 3642 747 3707 Pithoei,
778 3653 836 3692 et
870 3642 1091 3695 Hearnii
1124 3642 1295 3691 Oxou.
1335 3644 1402 3693 N.
1440 3648 1595 3710 atque

537 3718 595 3767 Ι..
616 3722 667 3767 2.
734 3718 865 3767 Vide
889 3718 954 3766 ed
982 3732 1059 3766 νι.
1076 3721 1159 3767 23.
1182 3720 1275 3783 §9-

598 3795 629 3855 ξ
653 3796 715 3841 10
751 3793 881 3849 Quid
918 3806 1032 3854 ergo
1068 3794 1254 3843 adtinet
1294 3795 1422 3854 leges
1445 3793 1594 3858 ferri,

532 3868 771 3931 rogitans]
808 3870 945 3929 Lego
964 3868 1078 3932 quid
1094 3884 1207 3931 ergo
1226 3871 1473 3934 attineret,
1490 3886 1593 3921 non

531 3946 723 3994 acinet-
758 3944 943 3993 Gelen.
995 3945 1337 3995 Scribendurn
1361 3948 1591 3997 attinere.-

532 4028 589 4070 ut
612 4034 677 4069 ιι.
698 4024 781 4071 41.
817 4022 989 4072 ‘Quid
1024 4023 1312 4079 attinuisse,
1347 4023 1591 4073 Hernicis

530 4098 704 4159 paullo
738 4105 859 4145 ante
896 4097 1129 4147 hostibus
1166 4098 1309 4160 capti
1342 4099 1451 4161 egri
1486 4106 1591 4147 ter-

530 4172 655 4221 tiam
695 4179 897 4234 partem
940 4172 1138 4221 reddi?
1184 4186 1263 4222 vt.
1301 4176 1381 4222 23.
1412 4172 1587 4224 ‘Quid

524 4247 773 4313 attinere,
814 4260 930 4298 cum
972 4248 1181 4299 mortali
1225 4260 1441 4313 corpore
1486 4262 1588 4299 uuo

1253 414 1471 465 NOTAE
1519 415 1926 465 vAluoRuM
1975 416 2057 465 m

1693 556 1942 617 civitatis,
1963 572 2118 621 quem
2151 558 2490 607 immortalem
2519 572 2636 607 esse
2655 558 2748 607 de·

1694 642 1830 695 cest,
1871 648 2242 684 consenescere
2287 636 2420 685 vires
2437 634 2473 683 ?’
2524 648 2752 685 xxxvu.

1696 714 1774 758 15.
1803 708 1920 759 ‘Sin
1943 717 2114 759 autem
2139 709 2446 759 manendum
2471 710 2542 759 ibi
2568 710 2750 759 nibilo-

1693 787 1858 834 minus
1891 784 1978 847 sit,
2009 786 2130 847 quid
2164 786 2390 835 attinere
2423 785 2596 835 claudi
2631 800 2750 848 por·

1691 866 1799 908 tum
1824 859 1862 908 ?'
1905 861 1962 909 J.
2007 862 2068 909 F.
2115 862 2268 912 Gm.
2335 861 2473 910 Vide
2515 862 2750 911 Gronov.

1692 935 1824 985 Obs.
1867 948 1933 985 ιι.
1980 940 2060 986 14.
2111 948 2200 985 ιιι.
2231 940 2280 985 0.
2318 937 2384 985 ad
2425 936 2556 985 Livii
2593 949 2659 985 ιι.
2697 941 2748 986 8.

1692 1024 1740 1059 c.
1764 1014 1848 1059 44.
1883 1022 2010 1061 vm.
2042 1015 2124 1059 83.
2161 1024 2218 1059 x.
2251 1015 2302 1060 2.
2337 1024 2496 1061 xxiv.
2529 1016 2577 1061 8.
2609 1013 2748 1063 Dak.

1690 1086 1900 1143 attinet,
1927 1094 1986 1133 ut
2019 1092 2143 1134 ante
2175 1085 2448 1136 Gelenium
2477 1086 2749 1144 edebatur,

1689 1161 1845 1209 etlam
1893 1174 1958 1209 ex
2003 1162 2216 1224 scriptis
2257 1161 2477 1211 Gaertn.
2513 1171 2568 1211 et
2608 1163 2748 1215 Har.

1689 1236 1794 1285 Sed
1819 1235 1940 1284 vide
1963 1235 2025 1283 ad
2051 1248 2140 1285 ιι..
2166 1240 2244 1286 14.
2277 1238 2306 1300 §
2337 1242 2414 1286 10.
2479 1237 2746 1288 Gronorio

1689 1311 1861 1359 nullus
1882 1310 2144 1359 consentit
2167 1310 2352 1359 codex.
2405 1311 2540 1361 Vide
2575 1320 2746 1363 tamen

1688 1402 1807 1451 quie
1861 1388 2062 1441 notavit
2117 1387 2248 1438 Obs.
2303 1401 2366 1437 ιι.
2418 1393 2496 1441 14.
2538 1406 2592 1453 p.
2630 1396 2748 1445 822.

1687 1462 1956 1511 Praeterea
1977 1464 2090 1526 quid
2109 1462 2268 1523 igitur
2285 1464 2524 1513 adtineret
2543 1466 2670 1515 Lov.
2694 1470 2748 1516 4.

1686 1538 1823 1587 Vide
1841 1539 1906 1587 ad
1932 1550 2055 1588 xxt.
2076 1543 2158 1589 40.
2181 1540 2274 1602 §Q
2339 1541 2472 1589 Turn
2495 1542 2597 1601 lege
2614 1541 2748 1599 ferri

1688 1612 1828 1661 Hav.
1863 1613 1948 1662 ubi
1985 1614 2166 1663 ultima
2197 1616 2352 1664 litera
2381 1616 2570 1679 prioris
2606 1615 2748 1664 vocis

1685 1689 1882 1739 excidit
1905 1690 1970 1739 ob
1992 1690 2378 1743 similitudinem
2403 1691 2582 1754 prium
2606 1692 2746 1740 vocis

1685 1777 1793 1826 seq.
1828 1764 1963 1814 Vide
1984 1765 2052 1814 ad
2071 1779 2151 1815 lv.
2174 1770 2254 1815 88.
2277 1770 2400 1831 §u-
2447 1766 2744 1828 Legesserre

1687 1838 1908 1889 Gaertu.
1972 1841 2158 1891 Paullo
2193 1849 2314 1892 ante
2347 1842 2624 1904 prust-bae.
2649 1856 2742 1905 pro

1679 1914 1943 1975 perstabat,
1987 1916 2135 1965 Leid-
2170 1920 2220 1966 2.
2253 1917 2475 1967 Gaertn.
2511 1916 2650 1967 Hav.
2685 1924 2742 1967 et

1685 1990 1806 2038 edd.
1850 1991 1998 2040 Rom.
2019 1995 2165 2041 1472.
2189 2008 2251 2042 ac
2271 1994 2449 2043 Parm.
2516 1992 2650 2043 vide
2673 1992 2742 2042 ad

1685 2065 1825 2128 Epit.
1854 2066 1964 2115 Liv.
1991 2066 2077 2117 lib.
2102 2080 2260 2117 xux.

1753 2142 1938 2196 Quibus
1947 2158 2034 2205 per
2047 2144 2336 2205 condensatas·
2352 2142 2742 2203 tulisseatAruns

1668 2214 1841 2281 fleret]
1876 2218 2034 2267 Forte
2055 2217 2332 2277 jussissent.
2397 2219 2584 2281 Neque
2603 2220 2742 2269 enim

1683 2292 1904 2354 populus
1927 2290 2032 2341 fert
2055 2294 2242 2357 legem,
2263 2292 2355 2342 sed
2371 2293 2527 2355 jubet
2551 2295 2634 2343 vel
2655 2310 2742 2345 ac·

1683 2367 1828 2430 cipit,
1851 2366 2055 2417 ferente
2077 2369 2402 2433 magistratu.
2470 2370 2744 2434 Scio§15.

1683 2440 1814 2490 lust.
1851 2441 1917 2490 de
1954 2442 2073 2505 lege
2102 2442 2314 2507 Aquilia
2351 2442 2544 2505 baberi,
2587 2447 2604 2473 ⁸
2631 2445 2741 2505 ple-

1680 2514 1796 2563 bem
1831 2514 2139 2579 Romanam,
2163 2533 2277 2581 qnae
2302 2517 2508 2581 Aquilio
2531 2517 2740 2567 tribuno

1679 2599 1897 2653 rogante
1936 2594 2066 2643 banc
2106 2595 2277 2659 legem
2319 2595 2478 2645 tulit.’
2539 2596 2646 2646 Sed
2685 2604 2741 2645 et

1679 2666 1828 2728 hujus
1851 2675 2036 2718 auctor
2055 2670 2269 2733 scripsit
2292 2669 2458 2731 jussit.
2480 2671 2526 2719 si
2549 2671 2738 2721 Latine

1679 2742 1884 2791 locutus
1907 2749 2006 2792 est.
2069 2744 2187 2794 Nec
2209 2745 2390 2809 ignoro
2413 2760 2504 2796 ιιι.
2539 2750 2618 2795 84.
2653 2746 2741 2796 Li·

1680 2816 1786 2865 vii:
1835 2817 2010 2869 ‘Quas
2055 2833 2336 2870 cousensus
2375 2822 2599 2871 omnium
2633 2836 2738 2871 non

1669 2891 1892 2953 jussisse
1935 2894 2066 2943 latas
2110 2897 2293 2959 magis,
2335 2912 2489 2961 quam
2541 2898 2740 2959 tulisse,

1677 2966 1840 3016 videri
1859 2968 2074 3030 posset.’
2119 2970 2219 3020 Est
2239 2972 2374 3021 enini
2397 2985 2594 3026 sensus.
2611 2987 2734 3036 qna-

1677 3040 1720 3087 si
1747 3042 1966 3106 quisque
1987 3058 2075 3093 eas
2097 3059 2192 3107 pro
2213 3060 2270 3095 se
2291 3045 2402 3095 aliis
2423 3047 2733 3109 jubentibus

1675 3118 1933 3167 tulissent.
1969 3121 2027 3168 J.
2057 3121 2118 3170 F.
2143 3122 2296 3171 (ἔνου.
2367 3122 2487 3171 Νοιι
2525 3122 2610 3171 hic
2646 3136 2734 3186 po·

1673 3194 1826 3253 polus
1855 3194 2181 3258 intelligitur,
2203 3198 2294 3245 sed
2329 3196 2520 3246 tribuni
2555 3196 2736 3261 plebis.

1674 3266 1746 3316 Hi
1771 3268 1906 3318 enim
1931 3280 2100 3331 erant,
2121 3287 2215 3335 per
2234 3286 2364 3336 quos
2393 3270 2732 3335 frangebatur

1675 3342 1758 3391 lex
1801 3346 1978 3413 semel·
2005 3346 2321 3397 confirmata.
2399 3348 2515 3397 Nec
2555 3354 2734 3411 potest

1673 3415 1776 3466 dici
1802 3434 1831 3467 a
1855 3421 2045 3483 populo
2067 3421 2208 3471 fraus
2239 3422 2350 3471 fieri
2379 3423 2594 3486 legibus,
2618 3426 2730 3488 qui·

1673 3492 1768 3541 bus
1793 3497 1914 3558 quid
1937 3496 2192 3558 ἀει-ομιτς
2227 3498 2318 3547 sed
2353 3498 2567 3554 tribuni,
2591 3501 2728 3561 quod

1671 3570 1832 3616 semel
1865 3570 1928 3617 ad
1962 3572 2202 3633 populum
2239 3572 2493 3632 tulissent,
2525 3574 2728 3624 directo

1671 3645 1941 3708 antiquare
1965 3646 2134 3702 veriti,
2158 3646 2363 3711 oblique
2385 3656 2442 3697 et
2472 3662 2504 3696 e
2531 3648 2730 3711 longin-

1670 3734 1771 3782 quo
1818 3720 2102 3770 elidebant.
2144 3723 2255 3772 Jcc.
2301 3722 2453 3772 Groa.
2518 3724 2729 3775 Meliori

1669 3796 1870 3845 ratione
1895 3806 2158 3859 receptum
2181 3798 2454 3847 lectionem
2479 3799 2726 3851 adversus

1657 3871 2020 3933 conjecturam
2038 3882 2304 3936 paternam
2321 3872 2600 3924 vindicavit
2610 3874 2730 3927 Jac-

1669 3945 1984 4008 Gronovius,
2006 3962 2158 4012 quam
2191 3948 2501 4011 Doujetius3
2536 3952 2728 4014 (101,Ιί-

1667 4030 1751 4070 cet
1775 4020 2027 4085 fateatur,
2051 4022 2262 4086 proprie
2285 4024 2542 4087 loquendo
2565 4040 2730 4088 popu-

1667 4098 1769 4145 lum
1813 4100 1982 4162 legem
2029 4114 2132 4148 uon
2173 4096 2335 4162 ferre,
2375 4098 2466 4149 sed
2519 4098 2724 4152 ferente

1665 4174 1968 4235 magistratu
1995 4174 2184 4238 jubere
2230 4175 2310 4224 vel
2356 4176 2614 4240 accipere,
2649 4179 2724 4228 ni·

1663 4247 1934 4300 bilominus
1957 4248 2248 4312 contendit,
2278 4257 2294 4280 ·
2315 4248 2486 4303 ferre'
2519 4267 2724 4319 quoque
