3184 4934
937 415 1009 463 r.
1057 411 1246 464 ιινιι
1289 411 1496 464 ffls'r.
1545 413 1692 462 mn.
1740 413 1851 464 ix.
1897 411 2059 466 oar.
2101 398 2207 464 46.

471 561 565 607 κε.
618 553 724 608 Sed
742 567 790 621 43
805 591 819 614 ‚
837 555 946 606 sive
969 569 1074 620 que,
1097 564 1151 607 et
1169 553 1282 621 qaia
1302 557 1369 606 ob
1389 555 1529 606 simi-

471 635 744 686 litudinem
779 635 1094 699 compendii,
1117 650 1218 700 quo
1255 643 1530 700 utrumque

474 711 773 761 vocabulum
817 711 990 760 notari
1030 712 1186 774 solet,
1225 725 1368 775 saepe
1409 725 1552 776 con-l

475 785 762 836 funduntur
797 785 850 837 in
891 788 1020 838 Mss.
1083 787 1220 836 Vide
1250 787 1314 835 ad
1357 801 1408 835 v.
1444 789 1528 836 29.

472 865 502 926 §
541 867 588 912 8.
669 863 878 914 Priores
917 863 1040 913 edd.
1083 861 1373 926 praeferunt
1409 863 1531 925 quoa

469 941 700 1001 scriptam
723 938 952 998 facerem
987 938 1241 1002 quiomodo
1279 940 1458 990 datum
1500 952 1530 988 a

471 1013 654 1077 primis
701 1012 990 1065 editoribus
1037 1015 1256 1072 videtur,
1290 1015 1529 1078 quoniam

469 1088 527 1138 τὸ
543 1089 654 1151 quio
684 1101 802 1138 cum
825 1088 1152 1152 subjunctivo
1165 1089 1406 1152 Junctnm
1429 1090 1532 1139 dis·

471 1163 734 1226 plicet-et:
786 1177 851 1212 ex
896 1177 1000 1228 quo
1036 1163 1191 1213 eti’am
1232 1162 1378 1212 fonte
1418 1179 1530 1227 pro·

470 1235 643 1301 fiuxit,
680 1237 819 1302 quod
855 1239 908 1287 in
942 1239 1067 1287 Lov.
1089 1241 1141 1287 4.
1177 1238 1381 1288 obvium
1410 1237 1532 1301 fuit,

470 1315 584 1377 qaia
602 1313 1038 1378 scriptamsecerot.
1085 1314 1186 1364 Sed
1207 1315 1356 1364 male.
1390 1315 1530 1366 Vide

473 1390 538 1440 ad
566 1403 630 1440 ιι.
649 1391 700 1440 8.
733 1391 836 1453 §.fn
870 1389 1105 1453 Hearne,
1137 1391 1245 1456 qui,
1279 1391 1393 1456 ipse
1427 1393 1528 1456 pri·

471 1479 587 1515 ores
629 1464 749 1517 edd.
791 1473 1022 1527 secutus,
1059 1467 1376 1517 Gronovium
1419 1469 1532 1532 quia

455 1542 648 1601 jaceret
669 1541 904 1604 vulgasse
936 1543 1151 1598 monuit,
1174 1541 1240 1591 de
1272 1543 1532 1606 scriptura

472 1615 842 1666 Oxoniensium
865 1631 1073 1666 suorum
1092 1619 1231 1682 silet,
1253 1629 1312 1667 ut
1333 1619 1384 1666 hi
1405 1621 1529 1682 quod

470 1693 660 1756 legisse
697 1692 941 1744 debeant.
1007 1695 1112 1742 Vix
1145 1701 1318 1744 tamen
1355 1695 1531 1743 verisi-

469 1767 594 1816 mile
629 1764 708 1827 fit,
729 1779 817 1816 eos
841 1780 1018 1816 omnes
1039 1775 1145 1817 tam
1175 1775 1474 1820 constanter
1498 1783 1530 1817 a

471 1841 688 1904 reliquis
721 1841 874 1890 codd.
918 1841 1216 1892 dissentire.
1285 1843 1528 1893 Ceterum

468 1917 870 1979 scriptumfocere
893 1917 1100 1966 Hearne
1121 1919 1338 1982 exponit
1369 1920 1386 1947 ⁴
1405 1921 1530 1969 scri-

473 1989 646 2040 bendo
693 1989 886 2039 victum
948 1990 1140 2042 lucrari
1167 1992 1196 2054 ς’
1253 1993 1532 2043 admodum

473 2067 733 2117 obscuret
768 2067 940 2116 malim
973 2069 1192 2117 ‘munus
1224 2069 1408 2118 scribae
1443 2085 1531 2134 ge·

471 2139 625 2191 rere’
656 2155 774 2192 cum
817 2141 1046 2192 Brisson.
1070 2143 1135 2192 de
1166 2143 1391 2194 Vei-bor.
1417 2146 1532 2210 Sig-

472 2217 617 2269 nitic.
647 2213 747 2267 h'ac
773 2233 916 2267 voce.
981 2217 1046 2268 Iu
1081 2220 1249 2270 verbis
1279 2235 1424 2286 seqq.
1458 2228 1534 2271 ta·

473 2295 628 2344 bulum
645 2295 852 2356 petiisse,
876 2309 974 2359 pro
999 2309 1231 2372 posim-w,
1252 2312 1531 2363 perperam

473 2369 606 2431 legit
641 2369 780 2418 Flor.

536 2445 565 2506 ᾗ
596 2447 625 2491 3
663 2444 814 2499 Quem
865 2446 1108 2510 aliquanto
1152 2451 1296 2498 antea
1343 2447 1534 2499 desiisse

473 2520 893 2583 scriptumfacere,
911 2523 1076 2584 arguit
1095 2523 1266 2572 Macer
1290 2524 1531 2589 Licinius]

469 2595 590 2646 Atia
624 2603 796 2660 quanto
829 2598 976 2646 Voss.
999 2601 1048 2647 2.
1085 2598 1233 2648 Leid.
1257 2604 1305 2649 1.
1331 2600 1458 2650 Lov.
1483 2603 1532 2648 8.

471 2680 528 2720 et
565 2670 753 2734 fragm.
791 2671 928 2722 Har.
974 2687 1004 2720 ιι
1039 2677 1120 2720 m.'
1147 2689 1228 2736 pr.
1281 2674 1533 2737 aliquando

473 2745 604 2794 Lov-
641 2750 691 2796 4.
755 2747 896 2795 Vide
931 2745 996 2794 ad
1032 2761 1088 2795 v.
1121 2751 1202 2798 29.
1233 2749 1262 2810 §
1293 2753 1342 2796 ὅ.
1404 2749 1532 2796 Τιιιιι

471 2827 604 2884 aute,
625 2821 727 2878 vel,
763 2821 900 2885 quod
927 2823 1248 2872 tantumdem
1273 2823 1429 2879 valet,
1459 2825 1536 2882 aii,

471 2897 616 2946 Flor.
641 2897 788 2946 Leid.
818 2895 986 2952 ambo.
1024 2897 1152 2946 Lov.
1179 2901 1224 2947 1.
1247 2901 1297 2947 2.
1318 2901 1366 2946 8.
1391 2895 1536 2946 Port-

473 2973 694 3024 Gaertn.
727 2972 868 3025 Hav.
904 2979 958 3022 et
982 2972 1167 3037 fragm.
1191 2973 1330 3023 Hav.
1393 2975 1534 3023 Vide

471 3049 536 3099 ad
566 3062 652 3099 ¹1,-
687 3053 763 3101 12.
787 3053 882 3114 §3.
953 3051 1120 3115 Haud,
1157 3065 1252 3115 pro
1290 3057 1420 3114 ante,
1450 3059 1532 3100 est

469 3125 524 3176 in
565 3127 690 3176 Lov.
711 3129 762 3176 4.
832 3125 1034 3176 Deinde
1068 3127 1273 3175 dedisset
1303 3127 1533 3190 scriptum

459 3203 624 3262 fucere
655 3201 810 3251 Voss.
837 3205 886 3250 2.
918 3204 1094 3251 desisse
1115 3205 1344 3265 scriptam
1365 3203 1532 3263 facere

473 3277 612 3326 Flor.
642 3279 794 3327 Voss.
820 3282 867 3328 1.
901 3279 1050 3327 Leid.
1072 3279 1236 3336 ambo,
1263 3280 1390 3329 Lov.
1412 3285 1462 3328 2.
1483 3285 1532 3330 3.

469 3353 622 3402 Port.
645 3353 924 3403 Klockian.
947 3353 1087 3403 Hav,
1109 3353 1289 3416 fragm.
1313 3354 1453 3403 Hav.
1477 3362 1534 3404 et.

471 3441 650 3478 omnes
673 3429 795 3479 edd.
818 3444 983 3494 usque
1006 3429 1070 3479 ad
1097 3429 1312 3479 Gruter.
1334 3430 1438 3495 qui,
1462 3431 1532 3478 iu·

469 3514 671 3556 certum
716 3521 868 3570 quam
912 3505 982 3556 ob
1029 3519 1284 3566 caussam,
1337 3507 1533 3556 desiisse

474 3582 641 3643 priori
712 3581 998 3644 subposuit.
1097 3581 1204 3630 Sed
1273 3589 1532 3631 vetustam

467 3657 779 3717 scripturam
817 3657 1020 3719 reduxi,
1050 3657 1238 3719 partim
1279 3657 1345 3706 ob
1383 3657 1534 3707 codd.

475 3739 876 3780 memoratorum
917 3732 1301 3788 auctoritatem,
1345 3734 1530 3794 partim

468 3805 540 3854 ob
565 3803 698 3854 Livii
719 3807 1160 3867 consuetudinem,
1182 3809 1272 3872 qui
1297 3809 1390 3856 bac
1409 3821 1531 3857 con·

475 3881 735 3931 tractione
759 3885 834 3932 nti
857 3885 1063 3947 gavisus
1087 3892 1182 3934 est.
1245 3884 1330 3934 Ita
1347 3899 1424 3934 rv-
1448 3891 1531 3937 35.

471 3959 490 3988 ⁸
515 3957 722 4006 Desisse
755 3969 1016 4020 postremo
1051 3959 1288 4021 praebere
1311 3961 1376 4008 ad
1411 3975 1532 4010 cou-

475 4031 737 4082 tumeliam
762 4033 854 4081 os.'
888 4048 940 4084 v.
974 4037 1020 4082 8.
1053 4037 1069 4061 ‘
1091 4035 1153 4083 Id
1184 4049 1284 4098 ego
1307 4037 1403 4084 hoc
1440 4051 1528 4085 an-

471 4123 542 4158 no
574 4110 764 4157 desisse
803 4107 1049 4168 dubitari,
1090 4118 1290 4160 certum
1329 4111 1531 4161 babeo!

471 4199 644 4236 xxm.
689 4187 770 4234 12.
804 4184 1199 4245 ‘Respondeam
1234 4186 1394 4245 igitur
1435 4187 1532 4237 Hi·

471 4259 702 4324 milconi,
745 4275 849 4312 non
905 4259 1103 4310 desisse
1147 4262 1401 4326 poenitere
1448 4277 1531 4314 me

2485 397 2655 465 8851

1604 555 1763 607 bem-⁹
1797 543 1957 606 xx'vr.
1984 559 2067 608 80.
2100 555 2117 584 ⁴
2144 555 2437 620 Numquam
2466 551 2658 606 deinde

1605 631 1870 695 principes
1905 631 2341 694 Syracusanorum
2374 629 2569 680 desisse
2592 631 2661 680 sd

1605 708 1911 758 Marcellum
1946 703 2208 756 transire-⁹
2248 705 2469 770 Insuper
2491 710 2661 758 Macer

1607 785 1827 834 Licinius
1845 785 1971 834 Lov.
1994 789 2043 832 2.

1675 863 1939 912 Tribunatu
1958 865 2071 911 autc
2096 864 2231 924 gesto
2262 860 2663 910 triumvir-atibus-

1606 938 1717 1002 que]
1754 938 1955 988 Plinius
1990 949 2205 987 xxxm.
2244 939 2290 985 1.
2334 941 2514 986 auctor
2556 942 2663 997 est,

1610 1021 1824 1078 propter
1847 1015 2136 1078 publicatos
2158 1012 2321 1063 fastos
2346 1013 2547 1063 aedilem
2571 1025 2662 1061 cu-

1608 1091 1771 1140 rulem
1802 1097 2055 1146 creatum,
2084 1097 2139 1138 et
2170 1089 2217 1138 ei
2250 1089 2269 1116 ‘
2288 1087 2551 1138 additnm’
2582 1086 2661 1137 fu-

1608 1166 1727 1228 isse,
1764 1173 1780 1196 ⁶
1796 1174 1854 1216 ut
1886 1167 2033 1216 simul
2055 1173 2110 1215 et
2132 1165 2365 1215 tribunus
2391 1164 2557 1228 piebis
2581 1177 2662 1213 es·

1607 1241 1725 1291 set.’
1786 1243 1867 1291 De
1906 1241 2107 1291 duobus
2151 1239 2537 1302 magistratibus
2576 1253 2663 1288 eo·

1607 1316 1725 1366 dem
1762 1330 1896 1367 anuo
1930 1331 2030 1366 nou
2072 1314 2311 1380 gerendis
2350 1319 2435 1364 est
2464 1311 2661 1378 aliquid

1607 1393 1745 1456 apud
1772 1393 1971 1441 Livium
1996 1405 2095 1440 vn.
2123 1396 2205 1442 42.
2244 1389 2377 1455 quod
2402 1398 2571 1440 utrum
2594 1388 2661 1438 de

1607 1467 1807 1518 dnobus
1838 1467 2112 1517 ordinariis
2153 1466 2559 1531 magistratibus,
2595 1479 2662 1514 an

1607 1543 1867 1594 ordinario
1883 1551 1937 1593 et
1958 1541 2382 1598 extraordinario,
2404 1541 2669 1604 accipiens

1606 1620 1728 1670 dum
1751 1619 1840 1683 sit,
1862 1620 1983 1669 mibi
2008 1632 2108 1668 nou
2132 1617 2255 1668 satis
2276 1618 2455 1682 liquet.
2522 1615 2661 1666 Inud

1604 1695 1811 1761 quidem
1827 1701 2053 1756 constat,
2068 1692 2257 1744 deinde
2274 1693 2461 1742 multos
2478 1690 2661 1742 eodem

1605 1785 1743 1820 anno
1777 1776 1832 1819 et
1868 1769 2183 1818 ordinarium
2221 1775 2277 1818 et
2310 1767 2662 1817 extraordina-

1606 1847 1736 1896 rium
1760 1847 1997 1910 gessisse.
2050 1847 2153 1895 Sed
2170 1847 2384 1894 duorum
2409 1844 2663 1892 ordinari-

1608 1936 1751 1982 orum
1783 1922 2175 1983 magistratuum
2218 1921 2367 1968 simul
2401 1925 2661 1983 gestorum

1607 1997 1694 2046 vix
1714 1996 1834 2052 nlla,
1860 1996 1940 2045 vel
1961 1997 2121 2044 Flavii
2144 2003 2317 2050 aetate,
2341 1994 2423 2042 vel
2444 2006 2663 2057 sequen·

1605 2071 1748 2121 tibus
1772 2071 2093 2135 temporibus
2114 2070 2166 2120 in
2198 2071 2413 2119 historia
2433 2070 2665 2118 Romana

1608 2148 1901 2211 exemplum
1924 2154 2133 2198 exstare
2156 2147 2329 2196 credo.
2372 2146 2489 2196 Nee
2510 2143 2663 2192 testis

1607 2223 1769 2274 debet
1792 2223 1913 2273 addi
1938 2223 2113 2273 Plinio
2136 2221 2452 2284 Pomponius
2474 2221 2662 2271 Jeme.

1610 2299 1745 2349 Nam
1768 2297 1905 2363 quod
1928 2299 2012 2347 bic
2034 2299 2071 2348 l.
2095 2309 2156 2346 ιι.
2184 2301 2213 2362 §
2234 2301 2285 2358 1.
2308 2297 2380 2345 D.
2412 2295 2479 2344 de
2510 2293 2661 2356 Orig.

1605 2377 1724 2428 Jur.
1744 2375 1945 2437 scribit,
1965 2388 2119 2440 quum
2144 2371 2351 2422 Flavius
2378 2370 2567 2434 populo
2590 2371 2661 2418 le·

1606 2451 1685 2514 gis
1715 2451 1950 2500 actiones
1985 2450 2304 2509 tradidisset,
2336 2455 2351 2478 ⁸
2373 2447 2505 2496 adeo
2545 2459 2663 2509 gra-

1607 2531 1713 2576 tum
1748 2524 1907 2574 fuisse
1940 2524 1994 2573 id
2027 2537 2210 2574 munus
2235 2524 2444 2587 populo,
2478 2529 2537 2570 ut
2572 2520 2663 2569 tri²

1604 2601 1770 2651 bunus
1815 2601 1983 2665 plebis
2024 2599 2192 2655 fieret,
2238 2608 2291 2649 et
2334 2605 2561 2658 senator,
2604 2599 2663 2646 et

1607 2677 1773 2726 aedilis
1822 2675 2052 2730 curulis,’
2103 2673 2175 2732 id,
2218 2683 2430 2724 auctore
2468 2671 2667 2723 Licinio'

1608 2753 1812 2809 Macro,
1838 2751 1903 2798 ad
1927 2751 2159 2799 diversos
2180 2763 2340 2798 annos
2366 2747 2545 2797 referri
2569 2761 2663 2812 po-

1608 2831 1733 2874 test.
1756 2825 1892 2874 Dak.
1961 2823 2221 2872 Tribunaeo
2241 2829 2353 2872 ante
2369 2828 2502 2884 gesto
2526 2823 2664 2871 Flor-

1608 2899 1747 2948 Vide
1783 2900 1847 2949 ad
1881 2913 1920 2950 1.
1960 2905 2040 2948 15.
2076 2901 2104 2962 ξ
2135 2903 2187 2948 7.
2252 2899 2386 2948 Τιιιιι
2420 2891 2527 2956 auf,
2566 2913 2661 2962 pro

1606 2980 1733 3036 ante,
1754 2975 1901 3027 Part.
1924 2977 2138 3026 Gaertn.
2164 2981 2219 3023 ct
2243 2975 2380 3023 Hav.
2434 2975 2573 3024 Vicle
2596 2974 2663 3023 ad

1607 3065 1789 3102 xxi-11.
1826 3056 1907 3101 85.
1942 3053 1969 3116 §
2006 3057 2057 3101 7.
2123 3051 2261 3100 Hinc
2296 3051 2433 3099 Flor.
2467 3051 2667 3100 omittit

1606 3127 1952 3191 copulativam
1971 3143 2085 3190 que.
2076 3143 2090 3157 ·
2120 3126 2545 3192 quemadmodum
2563 3125 2665 3173 eti·-

1607 3217 1686 3253 am
1711 3218 1830 3252 mox
1852 3204 2000 3254 altero
2023 3203 2185 3252 semel
2220 3200 2399 3251 deficit
2430 3202 2485 3249 in
2508 3201 2661 3250 Voss.

1606 3283 1654 3328 2.
1687 3279 1813 3329 Lov-
1852 3283 1902 3329 2.
1932 3288 1987 3329 et
2018 3277 2205 3340 fragm.
2245 3277 2383 3326 Hav.
2417 3291 2449 3326 a
2474 3289 2544 3326 m.
2584 3280 2663 3378 prit

1605 3355 1743 3403 Vide
1767 3355 1829 3403 acl
1858 3367 2069 3404 xxxm-
2090 3359 2173 3404 27.
2191 3357 2293 3420 §⁴-

1672 3433 1699 3496 §
1734 3435 1763 3479 4
1820 3431 2064 3480 Adron-sus
2095 3435 2439 3480 contemnentes
2473 3429 2664 3479 tamna·

1606 3511 1752 3556 tatem
1767 3522 1899 3556 suam
1914 3507 2088 3556 nobiles
2108 3508 2333 3572 certavit]
2361 3506 2555 3555 Nobiles
2572 3507 2663 3554 eti-¹·

1607 3599 1685 3630 am
1704 3583 1903 3632 certavit
1920 3583 2035 3632 Pal.
2052 3587 2102 3632 2.
2128 3582 2280 3632 Οεωι.
2324 3582 2407 3631 Ita
2432 3592 2485 3630 et
2515 3580 2664 3630 Harl.

1604 3657 1830 3707 Gaertu.
1850 3660 1923 3706 'et-
1947 3657 2085 3708 Hav.
2120 3660 2297 3708 nobiles
2316 3659 2461 3708 etiam
2488 3660 2663 3706 calam-

1606 3733 1759 3782 uincit
1786 3734 1932 3783 Port.
1968 3735 2023 3782 in
2064 3743 2328 3786 contextu,
2352 3743 2407 3782 et
2444 3731 2663 3782 Hearnli

1608 3809 1782 3859 Oxou.
1806 3811 1873 3860 N.
1922 3825 2037 3873 quaa
2073 3811 2231 3860 lectio
2253 3824 2319 3858 ex
2352 3808 2559 3858 barbari
2590 3809 2664 3854 in-

1609 3885 1859 3948 terpretis
1913 3886 2238 3948 expositione
2290 3883 2559 3944 marginali
2612 3885 2665 3931 iu

1608 3967 1913 4011 contextum
1952 3961 2227 4023 inrepsisse
2259 3961 2482 4008 videtur.
2546 3959 2664 4008 Me·

1608 4036 1695 4086 dio
1720 4035 1856 4086 enim
1880 4049 1993 4085 sevo
2027 4036 2044 4064 ‘
2068 4033 2419 4084 calumniare’
2451 4041 2507 4083 et
2546 4035 2665 4084 ‘ca-

1607 4112 1845 4161 lumniari
1864 4109 1879 4134 '
1904 4109 2116 4158 notabat
2136 4111 2391 4159 actionem
2416 4109 2664 4160 adversus

1606 4189 1829 4252 aliquem
1878 4185 2172 4248 intendere,
2242 4194 2303 4236 ut
2365 4186 2520 4236 docet
2578 4189 2664 4238 Du

1606 4265 1789 4328 Cauge
1812 4263 1865 4314 iu
1880 4264 2053 4314 Gloss.
2071 4261 2215 4312 Med.
2239 4261 2411 4314 Latin.
2438 4279 2498 4314 ea
2520 4279 2665 4316 voce.
