3184 4934
525 353 698 423 8688

527 509 664 572 aaut]
711 510 882 562 Quum
921 508 1150 574 ejusdem
1195 522 1359 573 prope
1415 507 1588 556 oetatis

531 588 668 636 viros
711 593 967 648 numeret,
1001 599 1102 633 non
1135 585 1262 634 sutis
1289 589 1436 634 certo
1467 583 1592 634 sciri

533 670 727 727 potest.
750 662 951 727 quinem
977 661 1050 710 illi
1073 661 1178 710 sint
1208 660 1450 725 juvenes.
1515 658 1593 709 At

535 756 633 804 ego
662 741 980 804 Torquatum
1015 753 1074 788 se
1113 737 1392 787 Corvinum
1424 735 1592 800 desig·

537 816 651 866 nari
687 821 829 878 puto,
851 827 1066 878 quorum
1103 814 1236 862 alter
1257 811 1436 876 quinto
1473 818 1595 875 post

539 889 746 940 Camilli
775 896 992 938 mortem
1032 901 1188 948 anno,
1221 887 1355 936 ulter
1389 885 1594 936 decimo

533 965 757 1029 septimo
791 963 1050 1028 singulare
1087 977 1202 1012 eum
1235 961 1404 1012 Gallis
1437 961 1594 1010 habu-

536 1057 626 1092 ere
649 1047 928 1093 certamen.
966 1041 1106 1090 Glor.
1145 1039 1205 1088 Τ.
1227 1037 1455 1088 Manlius
1467 1038 1595 1088 Tor·

543 1124 729 1181 quotus
749 1125 804 1167 et
821 1117 899 1166 Μ.
911 1115 1154 1165 Valerius
1169 1115 1387 1176 Corvus,
1402 1113 1468 1162 de
1485 1115 1597 1177 qui·

541 1191 641 1241 bus
680 1191 851 1255 paullo
890 1197 1048 1254 post:
1083 1190 1100 1219 ‘
1125 1188 1385 1239 cessisset
1418 1187 1601 1237 videli-

543 1275 630 1320 eet
664 1268 716 1317 iu
746 1269 856 1318 scie
880 1267 1082 1317 oblutus
1107 1279 1202 1328 per
1223 1265 1447 1314 Manlius
1474 1265 1601 1314 Tor·

545 1351 750 1410 quotus,
773 1354 865 1394 aut
886 1344 1118 1392 Valerius
1143 1339 1374 1392 Corvus!
1407 1341 1449 1404 [ι
1469 1339 1601 1390 Haee

542 1439 606 1472 ex
627 1423 894 1474 Glareeno
914 1418 1322 1482 habet-'1Qom
1363 1417 1425 1467 Τ.
1447 1417 1601 1466 Man·

545 1500 672 1548 lium
690 1499 1004 1562 Torquatum
1029 1503 1084 1545 et
1102 1495 1181 1544 M.
1197 1493 1464 1543 Valerium
1478 1493 1603 1542 Cor-

546 1587 664 1624 vum
701 1573 1002 1636 intelligunt
1033 1571 1326 1621 Glareanus
1364 1577 1418 1619 et
1455 1569 1604 1631 Sigo-

545 1651 678 1700 nius.
721 1651 798 1701 Μ.
831 1648 1072 1698 Valerius
1115 1649 1315 1698 Corvus
1357 1661 1605 1696 annornm

547 1728 706 1776 trium
725 1737 779 1776 et
798 1727 1001 1790 viginti,
1022 1740 1138 1775 raro
1151 1725 1410 1788 exemplo,
1428 1721 1606 1773 consul

547 1811 757 1852 orestus
777 1801 839 1852 A.
853 1803 920 1852 U.
934 1803 996 1852 C.
1019 1815 1148 1851 ουν.
1213 1800 1428 1864 Septem
1449 1800 1609 1863 igitur

547 1881 711 1927 a’nnos
743 1877 985 1938 habebat,
1009 1892 1168 1943 quum
1202 1875 1481 1925 decederet
1507 1873 1607 1922 Ca-

551 1955 719 2004 millus
736 1969 781 2002 a.
801 1966 1178 2004 cccuxxvm.
1247 1953 1434 2016 Itaque
1457 1951 1539 2000 hie
1561 1949 1607 2000 si

551 2043 728 2078 senem
748 2029 1020 2080 Camillum
1045 2028 1230 2078 vidisse
1238 2027 1448 2091 juvenis
1469 2039 1606 2075 com·

551 2107 706 2155 mode
735 2106 944 2168 dicitur,
974 2113 1168 2170 quanto
1199 2105 1360 2166 magis
1382 2103 1442 2152 C.
1466 2103 1608 2152 Mar·

550 2183 664 2232 eius
719 2182 928 2233 Rutilus
979 2183 1156 2232 consul
1201 2181 1421 2245 primum
1471 2194 1609 2229 anno

555 2269 808 2309 cccxcvi.
852 2257 950 2307 hoe
1003 2266 1101 2320 est,
1141 2265 1258 2306 octo
1300 2256 1446 2305 annis
1489 2263 1611 2320 post

553 2341 774 2384 mortem
802 2334 1024 2384 Camilli.
1090 2333 1174 2383 Ne
1209 2333 1451 2396 Decium,
1486 2333 1609 2384 Pm-

550 2412 744 2474 lonem,
777 2410 1063 2474 Sulpicium
1089 2423 1500 2472 commemorem,
1519 2411 1611 2474 qni

550 2501 748 2550 omnes,
781 2495 840 2537 nt
883 2487 1116 2550 plerique
1161 2485 1327 2534 Corvo
1371 2485 1613 2548 majores,

543 2562 766 2626 juvenes
791 2576 967 2612 senem
992 2560 1170 2610 videre
1210 2567 1486 2623 potuerant
1510 2561 1611 2610 Ca-

552 2639 766 2688 millum.
833 2639 1009 2690 Quare
1044 2637 1205 2700 igitur
1243 2636 1460 2698 praecise
1481 2631 1613 2685 deo?

554 2713 780 2764 Membr.
803 2712 1094 2774 Vossienae,
1119 2719 1197 2768 et,
1219 2719 1278 2760 nt
1307 2725 1390 2760 me
1411 2711 1614 2760 monuit

555 2789 678 2840 Alb.
723 2789 1002 2850 Rubenius,
1044 2786 1382 2851 Buslidianae,
1411 2785 1615 2848 juvenes

559 2866 650 2929 hii,
680 2866 867 2930 quibus.
954 2862 1110 2915 Quod
1167 2863 1614 2912 consentiebamus

561 2956 677 2992 esse
698 2941 770 3004 hi,
802 2941 884 2990 vel
905 2939 947 2988 ii
967 2954 983 2988 .·
1015 2952 1231 3004 quorum
1251 2940 1364 2988 loeo
1387 2938 1462 2988 sie
1483 2938 1614 2987 Μαι.

556 3017 762 3082 passim.
829 3015 1030 3066 Omissa
1059 3015 1197 3065 forte
1227 3015 1417 3064 alieubi
1440 3014 1615 3078 adspi-

557 3095 760 3144 ratione
782 3101 957 3143 notam
980 3091 1174 3141 numeri
1191 3106 1246 3140 se
1271 3089 1448 3140 videre
1467 3099 1616 3154 puta-

557 3161 696 3232 runt,
715 3167 1153 3231 reddideruntque
1173 3167 1281 3215 duo.
1298 3163 1352 3216 J.
1369 3165 1428 3214 Ρ.
1450 3164 1617 3216 Gron.

568 3245 666 3295 Ht‘s'
701 3259 802 3294 non
845 3249 1046 3293 tautum
1091 3255 1158 3291 ex
1207 3241 1336 3291 meis
1377 3240 1529 3290 Voss.
1564 3246 1615 3292 1.

562 3335 596 3369 a
616 3318 880 3370 Gronovio
910 3323 1242 3380 memoratus,
1269 3316 1359 3366 sed
1382 3323 1439 3367 et
1464 3316 1615 3367 Leid-

563 3399 612 3445 2.
647 3409 710 3444 ae
749 3395 874 3444 Lov.
915 3398 963 3444 1.
1029 3393 1214 3458 Neque
1243 3394 1396 3443 aliter
1425 3401 1539 3444 erat
1561 3393 1615 3443 in

561 3470 781 3521 Hearnii
811 3470 984 3520 Oxou.
1020 3471 1090 3520 N.
1123 3476 1180 3519 et
1200 3469 1265 3519 B.
1301 3469 1354 3519 1ιί
1389 3471 1532 3522 Port-
1560 3479 1619 3520 et

562 3547 704 3598 Hav-
729 3549 820 3596 duo
841 3546 910 3604 hi,
941 3553 1158 3611 utraque
1183 3547 1405 3597 lectione
1414 3548 1621 3612 juncta,

563 3623 756 3673 Loma.
789 3622 842 3670 in
866 3635 976 3686 quo
991 3626 1164 3670 tsmen
1195 3621 1418 3684 priorem
1439 3635 1617 3674 vocem

559 3697 840 3750 delendam
877 3711 1008 3760 esse,
1047 3696 1352 3761 subscriptis
1381 3699 1516 3750 notis
1557 3699 1619 3750 li-

565 3773 764 3825 brarius
787 3772 1049 3822 indicavit.
1113 3774 1318 3823 Juveses
1338 3774 1378 3823 is·
1401 3775 1548 3826 Leid.
1568 3780 1619 3826 1.

503 3909 514 3918 ·
562 3850 706 3900 Alibi
747 3863 888 3913 sepe
939 3862 1218 3913 pronomen
1277 3850 1402 3900 illud
1441 3851 1484 3900 it·
1525 3865 1620 3916 pro

562 3926 762 3976 numeri
799 3931 921 3974 note
965 3923 1150 3974 seribae
1193 3934 1526 3991 seeeperuut,
1563 3935 1621 3979 et

561 4015 656 4066 per
677 4004 768 4052 duo
791 4000 1149 4052 reddiderunt.
1170 4000 1306 4052 Vide
1329 4003 1393 4052 sd
1419 4017 1621 4058 xxxvt-

561 4079 694 4142 48.§
722 4083 800 4130 11.
868 4079 1062 4127 Verum
1097 4078 1254 4140 igitur
1287 4079 1617 4144 scripturam,

558 4152 693 4217 qnod
717 4151 1010 4204 Gronovius
1034 4151 1212 4204 faeere
1228 4155 1423 4206 veritus
1441 4165 1544 4220 est,
1563 4159 1618 4210 in

560 4233 866 4280 contextum
911 4229 1104 4294 reoepi.
1189 4229 1314 4282 Non
1353 4245 1619 4296 moramur

1215 367 1434 418 NOTAE
1480 365 1887 417 vARtoltUM
1936 367 2020 416 nt

1666 507 1752 557 hie
1770 507 2094 571 Donjstium,
2106 505 2193 572 qui
2217 507 2481 574 vulgetum
2498 511 2591 560 due
2612 525 2728 562 sera

1666 593 1775 652 vst,
1786 585 2107 642 existimans,
2127 585 2479 652 iltudjnoms,
2500 587 2642 652 quod
2656 589 2731 640 de

1672 661 1879 712 Valerio
1899 669 2102 726 septem
2126 676 2291 714 annos
2310 669 2455 721 neto,
2470 679 2575 729 qno
2596 673 2731 716 tem-⁴

1668 751 1796 802 pore
1828 736 2077 788 Camillus
2096 737 2435 804 moriebatur,
2456 740 2725 790 commode

1668 814 1775 864 diei
1796 814 2091 865 Gronovius
2119 815 2363 879 negabat,
2389 830 2491 865 uon
2514 816 2729 879 prseeise

1667 889 1991 947 sumendum,
2024 889 2077 940 in
2101 905 2163 940 eo
2184 891 2498 955 presertim,
2520 893 2609 956 qni
2636 905 2731 942 nn-

1668 981 1765 1016 uos
1804 967 1999 1017 virtute
2050 969 2370 1032 μεσπι-τίη
2420 976 2477 1020 et
2520 983 2589 1020 ex
2628 969 2739 1020 inis

1671 1058 1787 1109 qum
1827 1049 2136 1108 sequuntur,
2167 1045 2296 1096 sntls
2330 1051 2515 1110 patere
2548 1045 2616 1096 de
2647 1046 2731 1096 his

1672 1119 1941 1183 praeeipne
1988 1119 2185 1170 dnobus
2234 1120 2460 1172 sensisse
2510 1122 2735 1184 Livi-tn,

1673 1194 1877 1257 quando
1894 1195 2195 1246 nominatim
2215 1211 2303 1247 eos
2317 1196 2617 1248 Alexandro
2630 1206 2745 1248 ste-

1676 1271 1768 1320 tim
1823 1271 1991 1334 primo
2048 1272 2165 1322 loeo
2214 1271 2454 1336 obponit.
2534 1274 2733 1325 Verum

1674 1357 1997 1410 quantopere
2019 1349 2174 1397 etiem
2196 1343 2359 1400 anuos
2379 1349 2579 1400 virtute
2594 1363 2731 1414 prn-

1676 1421 2121 1484 eurrerit,samen
2154 1437 2221 1474 ex
2245 1424 2519 1488 diseiplina
2550 1427 2735 1476 Rema-

1676 1512 1745 1547 ns
1768 1498 1971 1547 virtutis
2008 1498 2122 1562 ejus
2143 1499 2431 1562 specimine
2452 1510 2589 1551 anuo
2610 1508 2736 1551 ιιι·

1678 1573 1747 1622 tis
1766 1573 1989 1638 septimo
2027 1573 2255 1624 nondum
2284 1575 2442 1626 edere
2466 1576 2655 1640 potuit,
2675 1581 2739 1628 nt

1678 1656 1960 1712 propterea
1982 1648 2179 1710 ,iuuenis
2223 1649 2503 1702 diceretur.
2590 1653 2739 1702 Ρη·

1681 1734 1828 1776 teres
1865 1740 1960 1776 eur
1985 1725 2157 1788 potius
2196 1724 2449 1776 Manlium
2482 1734 2539 1777 et
2576 1727 2737 1778 Vale·

1682 1801 1811 1850 rium
1858 1801 2137 1852 iudicasset
2175 1801 2390 1852 Livius?
2420 1802 2511 1866 qui
2550 1802 2735 1854 eudem

1681 1874 1897 1938 periodo
1924 1875 2020 1924 illis
2044 1875 2223 1940 jungit
2259 1875 2453 1926 Decios
2488 1884 2543 1927 et
2578 1877 2739 1940 Papi-

1682 1951 1834 2000 rium.
1878 1951 1956 2000 Ex
1972 1952 2069 2002 hoe
2088 1951 2225 2002 euim
2248 1959 2605 2014 argumentum
2630 1954 2741 2016 peti

1680 2026 1880 2092 nequit,
1912 2027 2049 2091 quod
2086 2041 2176 2078 eos
2199 2029 2365 2091 primo
2402 2029 2515 2082 loeo
2548 2041 2741 2080 memo·

1682 2104 1837 2152 revit.
1906 2104 2041 2152 Nem
2076 2103 2127 2152 id
2158 2103 2411 2167 temporis
2442 2103 2651 2160 dedisse
2668 2105 2743 2154 vie

1682 2175 1854 2240 detur,
1883 2191 1986 2241 quo
2006 2175 2071 2226 ad
2089 2177 2304 2228 honores
2323 2193 2545 2228 summos
2568 2180 2741 2230 eveeti

1683 2261 1823 2312 suut,
1865 2259 1957 2302 eut.
1996 2251 2183 2304 florere
2220 2255 2544 2318 inceperunt.
2606 2256 2740 2306 Tum

1682 2342 1842 2378 senem
1876 2329 2101 2381 viderunt
2140 2330 2341 2383 ΒΜΔ.
2398 2331 2587 2381 Paullo
2620 2337 2743 2388 unte

1680 2403 1928 2468 gessenna
1958 2405 2099 2468 bello,
2117 2421 2217 2470 pro
2235 2413 2499 2471 gesserant,
2522 2407 2745 2480 Gsertng

1684 2490 1739 2533 et
1778 2483 1930 2532 Port.
1966 2482 2103 2532 iuter
2138 2495 2348 2533 versus:
2399 2489 2455 2532 at
2491 2497 2593 2531 voa
2624 2482 2747 2534 bello

1683 2556 1863 2606 deficit
1902 2556 1955 2605 in
1994 2557 2123 2606 Lov-
2160 2562 2213 2608 4.
2276 2555 2419 2606 Hine
2456 2557 2528 2608 s'te
2560 2559 2747 2608 demus

1683 2637 1946 2694 exactores,
1972 2647 2068 2695 pro
2088 2633 2161 2682 ita
2184 2633 2372 2694 deiude,
2397 2633 2543 2682 Port.
2612 2633 2745 2684 Vide

1685 2709 1751 2759 ad
1788 2722 1881 2759 κε..
1923 2711 2007 2758 22.
2043 2709 2071 2772 §
2108 2712 2158 2758 1.
2240 2707 2323 2758 Ite
2362 2707 2473 2758 inde
2502 2713 2749 2760 aedom

1685 2785 1903 2836 Gaertn.
1968 2783 2109 2833 Vide
2142 2784 2209 2834 ad
2243 2796 2447 2834 xxxvl.
2482 2785 2565 2834 24.
2600 2786 2629 2850 ξ
2663 2789 2749 2834 10.

1684 2860 1911 2924 Insuper
1960 2859 2173 2921 Quintii,
2232 2858 2530 2922 Corneliiqsoe
2570 2859 2747 2912 Oxou.

1686 2936 1904 2988 Hesi-nii
1927 2937 1989 2986 C.
2052 2934 2157 2984 Sed
2201 2935 2502 2997 perticulam
2536 2938 2749 3000 copula·

1687 3015 1866 3077 tivsm,
1893 3026 2045 3078 quam
2069 3024 2247 3061 omues
2266 3010 2459 3075 reliqui
2474 3012 2750 3075 ,ignor-nt,

1688 3091 1863 3140 Livius
1906 3087 2189 3152 sepissime
2246 3085 2493 3136 omittere
2518 3099 2751 3148 unusne?

1688 3168 1781 3232 vit,
1822 3174 1884 3217 nt
1924 3172 2079 3216 antes
2115 3162 2352 3229 pluribus
2386 3163 2517 3214 loeis
2549 3164 2751 3216 dictum

1688 3251 1789 3294 etl.
2212 3257 2215 3262 '

1752 3321 1783 3383 §
1806 3321 1867 3368 12
1916 3315 2164 3366 Milites-iu
2198 3329 2343 3380 opere
2372 3319 2629 3380 pugnando
2670 3319 2750 3371 ⁰1³-

1689 3395 1823 3446 εικῆ
1842 3391 2147 3455 Alexandro]
2174 3393 2305 3441 Dnae
2330 3393 2645 3456 posteriores
2668 3410 2757 3446 vo·

1692 3487 1780 3522 ees
1810 3486 1913 3522 uon
1943 3470 2198 3532 adparent
2220 3468 2275 3518 in
2307 3467 2533 3520 Gaertn.
2560 3472 2753 3524 omues

1690 3546 1965 3598 Alexandro
2000 3545 2183 3608 legunt
2216 3545 2347 3594 [ον.
2378 3548 2427 3594 2.
2450 3548 2499 3597 8.
2520 3553 2577 3597 et
2599 3548 2751 3598 Voss.

1692 3629 1743 3675 2.
1809 3621 1943 3671 Vide
1963 3620 2061 3670 hoe
2094 3619 2183 3670 lib.
2214 3619 2283 3669 ad
2314 3634 2363 3670 e.
2393 3625 2445 3670 9.
2474 3623 2504 3686 §
2532 3625 2581 3671 1.
2652 3624 2751 3674 01>-

1692 3703 1879 3754 euutaem
1899 3696 2176 3747 Alexandro
2194 3695 2345 3746 Port.
2364 3703 2422 3746 et
2436 3695 2574 3749 Hsv.
2624 3699 2757 3751 Mox

1690 3789 1787 3826 uon
1823 3789 1879 3826 ea
1918 3787 2119 3838 quoque,
2166 3783 2283 3835 pro·
2304 3786 2417 3823 uem
2458 3788 2517 3824 eo
2556 3777 2755 3841 quoque,

1694 3850 1843 3904 Harl.
1895 3847 2029 3898 Vide
2060 3845 2128 3899 ad
2153 3859 2282 3898 vm.
2302 3849 2384 3898 2⁷.
2406 3849 2501 3911 §2-
2550 3851 2756 3902 Deinde

1693 3929 1822 3978 haud
1839 3926 1996 3976 mas
2012 3924 2197 3978 dumet.
2221 3936 2317 3987 pro
2332 3925 2531 3987 ciorum,
2554 3925 2757 3977 Kloek·

1692 4005 1797 4056 ian.
1860 4001 1985 4057 Sed.
2005 4012 2162 4050 voees
2195 3997 2288 4047 has
2322 4006 2383 4048 et
2417 4000 2539 4052 slibi
2562 4003 2758 4054 scribas

1692 4081 1747 4132 ln
1802 4075 2109 4130 membranis
2160 4073 2385 4137 antiquis
2446 4075 2759 4136 confudisse,

1692 4160 1903 4208 constet
1940 4166 2007 4202 ex
2039 4149 2143 4200 illis
2166 4163 2281 4213 quse
2302 4149 2400 4200 viri
2432 4150 2579 4204 docti
2610 4161 2758 4206 nota-

1695 4237 1817 4284 runt
1837 4229 1903 4280 nd
1925 4228 2109 4281 Seren-
2130 4227 2325 4276 Ssmm.
2345 4239 2421 4280 vs.
2446 4229 2563 4278 497.
