<?xml version="1.0" encoding="UTF-8"?>
<!DOCTYPE html PUBLIC "-//W3C//DTD XHTML 1.0 Transitional//EN"
    "http://www.w3.org/TR/xhtml1/DTD/xhtml1-transitional.dtd">
<html xmlns="http://www.w3.org/1999/xhtml" xml:lang="en" lang="en">
 <head>
  <title>
</title>
<meta http-equiv="Content-Type" content="text/html;charset=utf-8" />
  <meta name='ocr-system' content='tesseract 3.04.00' />
  <meta name='ocr-capabilities' content='ocr_page ocr_carea ocr_par ocr_line ocrx_word'/>
</head>
<body>
  <div class='ocr_page' id='page_1' title='image "./tliviipatavinih08rupegoog_0319.png"; bbox 0 0 3184 4934; ppageno 0'>
   <div class='ocr_carea' id='block_1_1' title="bbox 871 406 2113 473">
    <p class='ocr_par' dir='ltr' id='par_1_1' title="bbox 871 406 2113 473">
     <span class='ocr_line' id='line_1_1' title="bbox 871 406 2113 473; baseline -0.002 -1"><span class='ocrx_word' id='word_1_1' title='bbox 871 426 942 473; x_wconf 76' lang='grc' dir='ltr'><strong>τ.</strong></span> <span class='ocrx_word' id='word_1_2' title='bbox 991 424 1178 473; x_wconf 76' lang='lat' dir='ltr'><strong>mvn</strong></span> <span class='ocrx_word' id='word_1_3' title='bbox 1226 422 1426 471; x_wconf 70' lang='lat' dir='ltr'><strong>mss·-</strong></span> <span class='ocrx_word' id='word_1_4' title='bbox 1477 422 1623 472; x_wconf 75' lang='lat' dir='ltr'><strong>mn.</strong></span> <span class='ocrx_word' id='word_1_5' title='bbox 1669 420 1749 469; x_wconf 86' lang='lat' dir='ltr'><strong>x.</strong></span> <span class='ocrx_word' id='word_1_6' title='bbox 1795 418 1962 469; x_wconf 62' lang='lat' dir='ltr'><strong>osu.</strong></span> <span class='ocrx_word' id='word_1_7' title='bbox 2003 406 2113 471; x_wconf 82' lang='lat'><strong>21.</strong></span> 
     </span>
    </p>
   </div>
   <div class='ocr_carea' id='block_1_2' title="bbox 363 561 1456 4152">
    <p class='ocr_par' dir='ltr' id='par_1_2' title="bbox 395 561 1456 913">
     <span class='ocr_line' id='line_1_2' title="bbox 395 561 1456 627; baseline -0.006 -12"><span class='ocrx_word' id='word_1_8' title='bbox 395 565 524 615; x_wconf 87' lang='lat' dir='ltr'><strong>lieet</strong></span> <span class='ocrx_word' id='word_1_9' title='bbox 565 563 678 627; x_wconf 84' lang='lat' dir='ltr'><strong>ipse</strong></span> <span class='ocrx_word' id='word_1_10' title='bbox 717 562 770 613; x_wconf 91' lang='lat' dir='ltr'><strong>id</strong></span> <span class='ocrx_word' id='word_1_11' title='bbox 813 563 866 613; x_wconf 89' lang='lat' dir='ltr'><strong>in</strong></span> <span class='ocrx_word' id='word_1_12' title='bbox 913 568 1165 613; x_wconf 84' lang='lat' dir='ltr'><strong>contextu</strong></span> <span class='ocrx_word' id='word_1_13' title='bbox 1213 561 1456 623; x_wconf 72' lang='lat' dir='ltr'><strong>servarit,</strong></span> 
     </span>
     <span class='ocr_line' id='line_1_3' title="bbox 399 636 1453 691; baseline -0.004 -2"><span class='ocrx_word' id='word_1_14' title='bbox 399 649 456 689; x_wconf 89' lang='lat' dir='ltr'><strong>et</strong></span> <span class='ocrx_word' id='word_1_15' title='bbox 480 653 511 688; x_wconf 75' lang='lat' dir='ltr'><strong>s</strong></span> <span class='ocrx_word' id='word_1_16' title='bbox 532 640 646 691; x_wconf 83' lang='lat' dir='ltr'><strong>Jsc.</strong></span> <span class='ocrx_word' id='word_1_17' title='bbox 671 640 900 690; x_wconf 69' lang='lat' dir='ltr'><strong>GronoV.</strong></span> <span class='ocrx_word' id='word_1_18' title='bbox 937 640 1176 687; x_wconf 85' lang='lat' dir='ltr'><strong>omissum</strong></span> <span class='ocrx_word' id='word_1_19' title='bbox 1199 636 1453 685; x_wconf 84' lang='lat' dir='ltr'><strong>docuerit.</strong></span> 
     </span>
     <span class='ocr_line' id='line_1_4' title="bbox 400 710 1455 778; baseline -0.007 -11"><span class='ocrx_word' id='word_1_20' title='bbox 400 717 570 767; x_wconf 81' lang='lat' dir='ltr'><strong>Quum</strong></span> <span class='ocrx_word' id='word_1_21' title='bbox 608 722 778 764; x_wconf 78' lang='lat' dir='ltr'><strong>tamen</strong></span> <span class='ocrx_word' id='word_1_22' title='bbox 804 716 954 778; x_wconf 73' lang='lat' dir='ltr'><strong>longe</strong></span> <span class='ocrx_word' id='word_1_23' title='bbox 979 714 1150 777; x_wconf 81' lang='lat' dir='ltr'><strong>plures</strong></span> <span class='ocrx_word' id='word_1_24' title='bbox 1182 711 1333 761; x_wconf 84' lang='lat' dir='ltr'><strong>codd.</strong></span> <span class='ocrx_word' id='word_1_25' title='bbox 1356 710 1455 760; x_wconf 87' lang='lat' dir='ltr'><strong>hoc</strong></span> 
     </span>
     <span class='ocr_line' id='line_1_5' title="bbox 399 784 1452 850; baseline 0 -15"><span class='ocrx_word' id='word_1_26' title='bbox 399 788 610 837; x_wconf 82' lang='lat' dir='ltr'><strong>verbum</strong></span> <span class='ocrx_word' id='word_1_27' title='bbox 657 788 913 850; x_wconf 74' lang='lat' dir='ltr'><strong>ignorent,</strong></span> <span class='ocrx_word' id='word_1_28' title='bbox 956 784 1226 837; x_wconf 76' lang='lat' dir='ltr'><strong>Gronovio</strong></span> <span class='ocrx_word' id='word_1_29' title='bbox 1269 785 1452 835; x_wconf 86' lang='lat' dir='ltr'><strong>sdsen-</strong></span> 
     </span>
     <span class='ocr_line' id='line_1_6' title="bbox 397 864 884 913; baseline 0 0"><span class='ocrx_word' id='word_1_30' title='bbox 397 864 480 913; x_wconf 88' lang='lat' dir='ltr'><strong>tiri</strong></span> <span class='ocrx_word' id='word_1_31' title='bbox 505 878 608 913; x_wconf 88' lang='lat' dir='ltr'><strong>non</strong></span> <span class='ocrx_word' id='word_1_32' title='bbox 631 864 884 913; x_wconf 72' lang='lat' dir='ltr'><strong>dubitavi.</strong></span> 
     </span>
    </p>

    <p class='ocr_par' dir='ltr' id='par_1_3' title="bbox 386 937 1456 2189">
     <span class='ocr_line' id='line_1_7' title="bbox 461 937 1452 1002; baseline -0.001 -13"><span class='ocrx_word' id='word_1_33' title='bbox 461 940 758 1001; x_wconf 70' lang='lat' dir='ltr'><strong>Summaque</strong></span> <span class='ocrx_word' id='word_1_34' title='bbox 795 954 956 989; x_wconf 74' lang='lat' dir='ltr'><strong>rerum</strong></span> <span class='ocrx_word' id='word_1_35' title='bbox 991 944 1176 1002; x_wconf 76' lang='lat' dir='ltr'><strong>praeeor</strong></span> <span class='ocrx_word' id='word_1_36' title='bbox 1213 938 1273 988; x_wconf 78' lang='lat'><strong>1³.</strong></span> <span class='ocrx_word' id='word_1_37' title='bbox 1313 937 1452 987; x_wconf 68' lang='lat' dir='ltr'><strong>Sesa-</strong></span> 
     </span>
     <span class='ocr_line' id='line_1_8' title="bbox 390 1013 1452 1079; baseline 0 -16"><span class='ocrx_word' id='word_1_38' title='bbox 390 1017 586 1079; x_wconf 76' lang='lat' dir='ltr'><strong>prons&#39;us</strong></span> <span class='ocrx_word' id='word_1_39' title='bbox 613 1016 846 1079; x_wconf 70' lang='lat' dir='ltr'><strong>preerat]</strong></span> <span class='ocrx_word' id='word_1_40' title='bbox 884 1017 1000 1065; x_wconf 83' lang='lat' dir='ltr'><strong>Psi.</strong></span> <span class='ocrx_word' id='word_1_41' title='bbox 1037 1021 1086 1065; x_wconf 87' lang='grc'><strong>2.</strong></span> <span class='ocrx_word' id='word_1_42' title='bbox 1137 1016 1200 1065; x_wconf 80' lang='lat' dir='ltr'><strong>L.</strong></span> <span class='ocrx_word' id='word_1_43' title='bbox 1238 1013 1452 1077; x_wconf 72' lang='lat' dir='ltr'><strong>Sempro-</strong></span> 
     </span>
     <span class='ocr_line' id='line_1_9' title="bbox 393 1090 1451 1154; baseline -0.002 -13"><span class='ocrx_word' id='word_1_44' title='bbox 393 1094 501 1141; x_wconf 73' lang='lat' dir='ltr'><strong>nius</strong></span> <span class='ocrx_word' id='word_1_45' title='bbox 518 1097 710 1154; x_wconf 74' lang='lat' dir='ltr'><strong>prator.</strong></span> <span class='ocrx_word' id='word_1_46' title='bbox 745 1092 916 1141; x_wconf 73' lang='lat' dir='ltr'><strong>Gobii.</strong></span> <span class='ocrx_word' id='word_1_47' title='bbox 983 1092 1166 1141; x_wconf 79' lang='lat' dir='ltr'><strong>Nostri</strong></span> <span class='ocrx_word' id='word_1_48' title='bbox 1195 1090 1320 1139; x_wconf 83' lang='lat' dir='ltr'><strong>nihil</strong></span> <span class='ocrx_word' id='word_1_49' title='bbox 1343 1105 1451 1139; x_wconf 86' lang='lat' dir='ltr'><strong>mu-</strong></span> 
     </span>
     <span class='ocr_line' id='line_1_10' title="bbox 395 1166 1456 1231; baseline 0 -15"><span class='ocrx_word' id='word_1_50' title='bbox 395 1177 532 1226; x_wconf 83' lang='lat' dir='ltr'><strong>tsut,</strong></span> <span class='ocrx_word' id='word_1_51' title='bbox 553 1168 646 1216; x_wconf 85' lang='lat' dir='ltr'><strong>nisi</strong></span> <span class='ocrx_word' id='word_1_52' title='bbox 670 1166 808 1231; x_wconf 88' lang='lat' dir='ltr'><strong>quod</strong></span> <span class='ocrx_word' id='word_1_53' title='bbox 843 1172 1024 1227; x_wconf 74' lang='lat' dir='ltr'><strong>prator</strong></span> <span class='ocrx_word' id='word_1_54' title='bbox 1053 1166 1113 1217; x_wconf 81' lang='lat' dir='ltr'><strong>L.</strong></span> <span class='ocrx_word' id='word_1_55' title='bbox 1146 1166 1456 1229; x_wconf 69' lang='lat' dir='ltr'><strong>Sempronius</strong></span> 
     </span>
     <span class='ocr_line' id='line_1_11' title="bbox 393 1241 1452 1304; baseline 0.003 -15"><span class='ocrx_word' id='word_1_56' title='bbox 393 1242 465 1291; x_wconf 88' lang='lat' dir='ltr'><strong>sit</strong></span> <span class='ocrx_word' id='word_1_57' title='bbox 511 1244 564 1291; x_wconf 87' lang='lat' dir='ltr'><strong>in</strong></span> <span class='ocrx_word' id='word_1_58' title='bbox 611 1242 762 1291; x_wconf 87' lang='lat' dir='ltr'><strong>Port.</strong></span> <span class='ocrx_word' id='word_1_59' title='bbox 830 1242 1106 1304; x_wconf 81' lang='lat' dir='ltr'><strong>Vulgstum</strong></span> <span class='ocrx_word' id='word_1_60' title='bbox 1141 1241 1314 1303; x_wconf 70' lang='lat' dir='ltr'><strong>itaque</strong></span> <span class='ocrx_word' id='word_1_61' title='bbox 1345 1256 1452 1292; x_wconf 86' lang='lat' dir='ltr'><strong>ser·</strong></span> 
     </span>
     <span class='ocr_line' id='line_1_12' title="bbox 395 1314 1450 1379; baseline -0.001 -14"><span class='ocrx_word' id='word_1_62' title='bbox 395 1318 634 1367; x_wconf 71' lang='lat' dir='ltr'><strong>vandum.</strong></span> <span class='ocrx_word' id='word_1_63' title='bbox 703 1316 900 1366; x_wconf 78' lang='lat' dir='ltr'><strong>Psi-tim</strong></span> <span class='ocrx_word' id='word_1_64' title='bbox 926 1318 1058 1365; x_wconf 83' lang='lat' dir='ltr'><strong>enim</strong></span> <span class='ocrx_word' id='word_1_65' title='bbox 1092 1314 1296 1365; x_wconf 79' lang='lat' dir='ltr'><strong>‘Lucii&#39;</strong></span> <span class='ocrx_word' id='word_1_66' title='bbox 1317 1330 1450 1379; x_wconf 69' lang='lat' dir='ltr'><strong>pra·</strong></span> 
     </span>
     <span class='ocr_line' id='line_1_13' title="bbox 393 1389 1451 1455; baseline 0 -14"><span class='ocrx_word' id='word_1_67' title='bbox 393 1406 582 1441; x_wconf 81' lang='lat' dir='ltr'><strong>nomen</strong></span> <span class='ocrx_word' id='word_1_68' title='bbox 607 1392 658 1439; x_wconf 89' lang='lat' dir='ltr'><strong>iu</strong></span> <span class='ocrx_word' id='word_1_69' title='bbox 683 1400 838 1455; x_wconf 78' lang='lat' dir='ltr'><strong>gente</strong></span> <span class='ocrx_word' id='word_1_70' title='bbox 859 1390 1162 1453; x_wconf 74' lang='lat' dir='ltr'><strong>Sempronio</strong></span> <span class='ocrx_word' id='word_1_71' title='bbox 1184 1389 1325 1441; x_wconf 84' lang='lat' dir='ltr'><strong>circs</strong></span> <span class='ocrx_word' id='word_1_72' title='bbox 1357 1392 1451 1441; x_wconf 81' lang='lat' dir='ltr'><strong>hoc</strong></span> 
     </span>
     <span class='ocr_line' id='line_1_14' title="bbox 392 1465 1452 1529; baseline 0 -16"><span class='ocrx_word' id='word_1_73' title='bbox 392 1472 598 1529; x_wconf 84' lang='lat' dir='ltr'><strong>tempus</strong></span> <span class='ocrx_word' id='word_1_74' title='bbox 629 1480 730 1515; x_wconf 85' lang='lat' dir='ltr'><strong>non</strong></span> <span class='ocrx_word' id='word_1_75' title='bbox 770 1468 1046 1527; x_wconf 84' lang='lat' dir='ltr'><strong>reperitur,</strong></span> <span class='ocrx_word' id='word_1_76' title='bbox 1079 1472 1136 1513; x_wconf 84' lang='lat' dir='ltr'><strong>et</strong></span> <span class='ocrx_word' id='word_1_77' title='bbox 1171 1472 1356 1515; x_wconf 75' lang='lat' dir='ltr'><strong>contra</strong></span> <span class='ocrx_word' id='word_1_78' title='bbox 1383 1465 1452 1513; x_wconf 87' lang='lat' dir='ltr'><strong>P.</strong></span> 
     </span>
     <span class='ocr_line' id='line_1_15' title="bbox 391 1540 1450 1605; baseline 0.003 -18"><span class='ocrx_word' id='word_1_79' title='bbox 391 1540 713 1605; x_wconf 51' lang='lat' dir='ltr'><strong>effemprouius,</strong></span> <span class='ocrx_word' id='word_1_80' title='bbox 745 1543 831 1605; x_wconf 87' lang='lat' dir='ltr'><strong>qui</strong></span> <span class='ocrx_word' id='word_1_81' title='bbox 873 1556 1010 1590; x_wconf 87' lang='lat' dir='ltr'><strong>nunc</strong></span> <span class='ocrx_word' id='word_1_82' title='bbox 1050 1547 1324 1603; x_wconf 77' lang='lat' dir='ltr'><strong>praetursns</strong></span> <span class='ocrx_word' id='word_1_83' title='bbox 1359 1555 1450 1604; x_wconf 68' lang='lat' dir='ltr'><strong>ge·</strong></span> 
     </span>
     <span class='ocr_line' id='line_1_16' title="bbox 388 1615 1449 1680; baseline 0.001 -18"><span class='ocrx_word' id='word_1_84' title='bbox 388 1615 479 1677; x_wconf 87' lang='lat' dir='ltr'><strong>rit,</strong></span> <span class='ocrx_word' id='word_1_85' title='bbox 513 1616 558 1663; x_wconf 87' lang='lat' dir='ltr'><strong>is</strong></span> <span class='ocrx_word' id='word_1_86' title='bbox 589 1630 702 1665; x_wconf 88' lang='lat' dir='ltr'><strong>esse</strong></span> <span class='ocrx_word' id='word_1_87' title='bbox 729 1616 960 1678; x_wconf 68' lang='lat' dir='ltr'><strong>ridetur,</strong></span> <span class='ocrx_word' id='word_1_88' title='bbox 985 1629 1136 1680; x_wconf 86' lang='lat' dir='ltr'><strong>quem</strong></span> <span class='ocrx_word' id='word_1_89' title='bbox 1167 1622 1325 1665; x_wconf 73' lang='lat' dir='ltr'><strong>untes</strong></span> <span class='ocrx_word' id='word_1_90' title='bbox 1358 1615 1449 1664; x_wconf 88' lang='lat' dir='ltr'><strong>tri-</strong></span> 
     </span>
     <span class='ocr_line' id='line_1_17' title="bbox 390 1691 1448 1754; baseline 0.001 -13"><span class='ocrx_word' id='word_1_91' title='bbox 390 1691 583 1741; x_wconf 86' lang='lat' dir='ltr'><strong>bunum</strong></span> <span class='ocrx_word' id='word_1_92' title='bbox 626 1693 795 1754; x_wconf 84' lang='lat' dir='ltr'><strong>plebis</strong></span> <span class='ocrx_word' id='word_1_93' title='bbox 830 1692 1008 1742; x_wconf 79' lang='lat' dir='ltr'><strong>Livius</strong></span> <span class='ocrx_word' id='word_1_94' title='bbox 1039 1692 1347 1743; x_wconf 80' lang='lat' dir='ltr'><strong>memorsvit</strong></span> <span class='ocrx_word' id='word_1_95' title='bbox 1369 1704 1448 1742; x_wconf 77' lang='grc' dir='ltr'><strong>ιι.</strong></span> 
     </span>
     <span class='ocr_line' id='line_1_18' title="bbox 386 1768 1447 1829; baseline 0.002 -14"><span class='ocrx_word' id='word_1_96' title='bbox 386 1770 470 1815; x_wconf 85' lang='grc'><strong>88.</strong></span> <span class='ocrx_word' id='word_1_97' title='bbox 495 1768 682 1829; x_wconf 76' lang='lat' dir='ltr'><strong>psi-tim</strong></span> <span class='ocrx_word' id='word_1_98' title='bbox 706 1768 866 1817; x_wconf 87' lang='lat' dir='ltr'><strong>etism</strong></span> <span class='ocrx_word' id='word_1_99' title='bbox 890 1782 1068 1817; x_wconf 79' lang='lat' dir='ltr'><strong>verum</strong></span> <span class='ocrx_word' id='word_1_100' title='bbox 1094 1782 1196 1819; x_wconf 84' lang='lat' dir='ltr'><strong>nou</strong></span> <span class='ocrx_word' id='word_1_101' title='bbox 1219 1782 1336 1827; x_wconf 84' lang='lat' dir='ltr'><strong>esse</strong></span> <span class='ocrx_word' id='word_1_102' title='bbox 1357 1782 1447 1817; x_wconf 88' lang='lat' dir='ltr'><strong>ex·</strong></span> 
     </span>
     <span class='ocr_line' id='line_1_19' title="bbox 387 1842 1446 1906; baseline -0.003 -12"><span class='ocrx_word' id='word_1_103' title='bbox 387 1843 576 1901; x_wconf 79' lang='lat' dir='ltr'><strong>istimo,</strong></span> <span class='ocrx_word' id='word_1_104' title='bbox 619 1843 754 1906; x_wconf 89' lang='lat' dir='ltr'><strong>quod</strong></span> <span class='ocrx_word' id='word_1_105' title='bbox 808 1843 1054 1905; x_wconf 78' lang='lat' dir='ltr'><strong>Sigonius</strong></span> <span class='ocrx_word' id='word_1_106' title='bbox 1109 1842 1338 1892; x_wconf 86' lang='lat' dir='ltr'><strong>credidit</strong></span> <span class='ocrx_word' id='word_1_107' title='bbox 1381 1842 1446 1891; x_wconf 84' lang='lat' dir='ltr'><strong>sd</strong></span> 
     </span>
     <span class='ocr_line' id='line_1_20' title="bbox 388 1916 1450 1980; baseline 0.002 -17"><span class='ocrx_word' id='word_1_108' title='bbox 388 1916 520 1963; x_wconf 78' lang='lat' dir='ltr'><strong>Livii</strong></span> <span class='ocrx_word' id='word_1_109' title='bbox 545 1928 687 1964; x_wconf 84' lang='lat' dir='ltr'><strong>xxu.</strong></span> <span class='ocrx_word' id='word_1_110' title='bbox 711 1921 792 1965; x_wconf 81' lang='grc'><strong>14.</strong></span> <span class='ocrx_word' id='word_1_111' title='bbox 827 1918 854 1978; x_wconf 79' lang='lat'>§</span> <span class='ocrx_word' id='word_1_112' title='bbox 891 1921 970 1965; x_wconf 75' lang='lat'><strong>13.</strong></span> <span class='ocrx_word' id='word_1_113' title='bbox 1004 1916 1206 1965; x_wconf 83' lang='lat' dir='ltr'><strong>Livium</strong></span> <span class='ocrx_word' id='word_1_114' title='bbox 1241 1930 1450 1980; x_wconf 84' lang='lat' dir='ltr'><strong>semper</strong></span> 
     </span>
     <span class='ocr_line' id='line_1_21' title="bbox 387 1991 1448 2053; baseline 0.002 -14"><span class='ocrx_word' id='word_1_115' title='bbox 387 1992 592 2039; x_wconf 70' lang='lat' dir='ltr'><strong>nomine</strong></span> <span class='ocrx_word' id='word_1_116' title='bbox 617 1992 998 2053; x_wconf 67' lang='lat' dir='ltr'><strong>magistratuum</strong></span> <span class='ocrx_word' id='word_1_117' title='bbox 1020 1991 1308 2040; x_wconf 70' lang='lat' dir='ltr'><strong>nominibus</strong></span> <span class='ocrx_word' id='word_1_118' title='bbox 1331 2005 1448 2053; x_wconf 86' lang='lat' dir='ltr'><strong>pro-</strong></span> 
     </span>
     <span class='ocr_line' id='line_1_22' title="bbox 389 2065 1449 2129; baseline 0.003 -16"><span class='ocrx_word' id='word_1_119' title='bbox 389 2066 517 2128; x_wconf 77' lang='lat' dir='ltr'><strong>priis</strong></span> <span class='ocrx_word' id='word_1_120' title='bbox 542 2066 909 2129; x_wconf 71' lang='lat' dir='ltr'><strong>postposuisse,</strong></span> <span class='ocrx_word' id='word_1_121' title='bbox 943 2074 1000 2114; x_wconf 86' lang='lat' dir='ltr'><strong>ut</strong></span> <span class='ocrx_word' id='word_1_122' title='bbox 1035 2065 1100 2115; x_wconf 76' lang='lat' dir='ltr'><strong>sd</strong></span> <span class='ocrx_word' id='word_1_123' title='bbox 1134 2065 1187 2116; x_wconf 86' lang='lat' dir='ltr'><strong>d.</strong></span> <span class='ocrx_word' id='word_1_124' title='bbox 1225 2066 1261 2115; x_wconf 89' lang='grc' dir='ltr'><strong>Ι.</strong></span> <span class='ocrx_word' id='word_1_125' title='bbox 1293 2067 1449 2117; x_wconf 77' lang='lat' dir='ltr'><strong>latius</strong></span> 
     </span>
     <span class='ocr_line' id='line_1_23' title="bbox 392 2138 562 2189; baseline 0 -2"><span class='ocrx_word' id='word_1_126' title='bbox 392 2138 562 2189; x_wconf 85' lang='lat' dir='ltr'><strong>docui.</strong></span> 
     </span>
    </p>

    <p class='ocr_par' dir='ltr' id='par_1_4' title="bbox 377 2215 1448 2731">
     <span class='ocr_line' id='line_1_24' title="bbox 449 2215 1448 2278; baseline 0.003 -15"><span class='ocrx_word' id='word_1_127' title='bbox 449 2217 478 2277; x_wconf 65' lang='lat'>5</span> <span class='ocrx_word' id='word_1_128' title='bbox 497 2221 528 2263; x_wconf 81' lang='lat'><strong>5</strong></span> <span class='ocrx_word' id='word_1_129' title='bbox 563 2216 716 2265; x_wconf 78' lang='lat' dir='ltr'><strong>Parte</strong></span> <span class='ocrx_word' id='word_1_130' title='bbox 732 2230 860 2264; x_wconf 70' lang='grc' dir='ltr'><strong>σιω</strong></span> <span class='ocrx_word' id='word_1_131' title='bbox 880 2220 1195 2265; x_wconf 69' lang='lat' dir='ltr'><strong>exonerarunt</strong></span> <span class='ocrx_word' id='word_1_132' title='bbox 1212 2215 1448 2278; x_wconf 71' lang='lat' dir='ltr'><strong>senatum]</strong></span> 
     </span>
     <span class='ocr_line' id='line_1_25' title="bbox 384 2288 1444 2340; baseline 0.001 -2"><span class='ocrx_word' id='word_1_133' title='bbox 384 2288 755 2340; x_wconf 62' lang='lat' dir='ltr'><strong>Euclionem-unt</strong></span> <span class='ocrx_word' id='word_1_134' title='bbox 789 2291 932 2340; x_wconf 80' lang='lat' dir='ltr'><strong>Leid.</strong></span> <span class='ocrx_word' id='word_1_135' title='bbox 955 2294 1004 2339; x_wconf 97' lang='grc'><strong>2.</strong></span> <span class='ocrx_word' id='word_1_136' title='bbox 1027 2297 1082 2337; x_wconf 85' lang='lat' dir='ltr'><strong>et</strong></span> <span class='ocrx_word' id='word_1_137' title='bbox 1108 2291 1230 2339; x_wconf 72' lang='lat' dir='ltr'><strong>Lov-</strong></span> <span class='ocrx_word' id='word_1_138' title='bbox 1255 2294 1300 2338; x_wconf 85' lang='lat'><strong>1.</strong></span> <span class='ocrx_word' id='word_1_139' title='bbox 1354 2291 1444 2339; x_wconf 82' lang='lat' dir='ltr'><strong>vi-</strong></span> 
     </span>
     <span class='ocr_line' id='line_1_26' title="bbox 384 2366 1444 2429; baseline 0.002 -16"><span class='ocrx_word' id='word_1_140' title='bbox 384 2366 450 2414; x_wconf 85' lang='lat' dir='ltr'><strong>de</strong></span> <span class='ocrx_word' id='word_1_141' title='bbox 487 2366 553 2416; x_wconf 82' lang='lat' dir='ltr'><strong>sd</strong></span> <span class='ocrx_word' id='word_1_142' title='bbox 595 2379 675 2416; x_wconf 78' lang='grc' dir='ltr'><strong>ιν.</strong></span> <span class='ocrx_word' id='word_1_143' title='bbox 715 2370 794 2415; x_wconf 87' lang='grc'><strong>18.</strong></span> <span class='ocrx_word' id='word_1_144' title='bbox 837 2368 864 2429; x_wconf 82' lang='lat'>§</span> <span class='ocrx_word' id='word_1_145' title='bbox 905 2369 984 2415; x_wconf 87' lang='grc'><strong>18.</strong></span> <span class='ocrx_word' id='word_1_146' title='bbox 1049 2366 1444 2415; x_wconf 68' lang='lat' dir='ltr'><strong>Emer-nerunt</strong></span> 
     </span>
     <span class='ocr_line' id='line_1_27' title="bbox 381 2440 1442 2503; baseline 0 -12"><span class='ocrx_word' id='word_1_147' title='bbox 381 2440 522 2491; x_wconf 76' lang='lat' dir='ltr'><strong>Har.</strong></span> <span class='ocrx_word' id='word_1_148' title='bbox 589 2442 716 2490; x_wconf 86' lang='lat' dir='ltr'><strong>Mox</strong></span> <span class='ocrx_word' id='word_1_149' title='bbox 741 2442 1002 2491; x_wconf 81' lang='lat' dir='ltr'><strong>Volumnii</strong></span> <span class='ocrx_word' id='word_1_150' title='bbox 1027 2454 1320 2503; x_wconf 72' lang='lat' dir='ltr'><strong>pra-nomen</strong></span> <span class='ocrx_word' id='word_1_151' title='bbox 1342 2442 1442 2491; x_wconf 84' lang='lat' dir='ltr'><strong>Lu-</strong></span> 
     </span>
     <span class='ocr_line' id='line_1_28' title="bbox 379 2514 1442 2567; baseline 0.003 -4"><span class='ocrx_word' id='word_1_152' title='bbox 379 2516 446 2564; x_wconf 80' lang='lat' dir='ltr'><strong>cii</strong></span> <span class='ocrx_word' id='word_1_153' title='bbox 489 2514 672 2565; x_wconf 77' lang='lat' dir='ltr'><strong>defi-eit</strong></span> <span class='ocrx_word' id='word_1_154' title='bbox 712 2516 764 2565; x_wconf 86' lang='lat' dir='ltr'><strong>in</strong></span> <span class='ocrx_word' id='word_1_155' title='bbox 817 2516 1032 2567; x_wconf 85' lang='lat' dir='ltr'><strong>Hesruii</strong></span> <span class='ocrx_word' id='word_1_156' title='bbox 1075 2517 1248 2567; x_wconf 84' lang='lat' dir='ltr'><strong>Oxou.</strong></span> <span class='ocrx_word' id='word_1_157' title='bbox 1291 2517 1352 2567; x_wconf 79' lang='lat' dir='ltr'><strong>L.</strong></span> <span class='ocrx_word' id='word_1_158' title='bbox 1393 2522 1442 2567; x_wconf 92' lang='grc'><strong>2.</strong></span> 
     </span>
     <span class='ocr_line' id='line_1_29' title="bbox 380 2591 1438 2659; baseline 0.005 -20"><span class='ocrx_word' id='word_1_159' title='bbox 380 2591 510 2639; x_wconf 87' lang='lat' dir='ltr'><strong>Tum</strong></span> <span class='ocrx_word' id='word_1_160' title='bbox 545 2592 813 2655; x_wconf 72' lang='lat' dir='ltr'><strong>populares,</strong></span> <span class='ocrx_word' id='word_1_161' title='bbox 845 2607 939 2655; x_wconf 85' lang='lat' dir='ltr'><strong>pro</strong></span> <span class='ocrx_word' id='word_1_162' title='bbox 967 2596 1286 2659; x_wconf 71' lang='lat' dir='ltr'><strong>populatores,</strong></span> <span class='ocrx_word' id='word_1_163' title='bbox 1309 2608 1438 2657; x_wconf 76' lang='lat' dir='ltr'><strong>prae·</strong></span> 
     </span>
     <span class='ocr_line' id='line_1_30' title="bbox 377 2665 1012 2731; baseline 0.006 -17"><span class='ocrx_word' id='word_1_164' title='bbox 377 2665 556 2731; x_wconf 78' lang='lat' dir='ltr'><strong>ferunt</strong></span> <span class='ocrx_word' id='word_1_165' title='bbox 579 2667 714 2717; x_wconf 83' lang='lat' dir='ltr'><strong>Hsr.</strong></span> <span class='ocrx_word' id='word_1_166' title='bbox 735 2675 791 2717; x_wconf 91' lang='lat' dir='ltr'><strong>et</strong></span> <span class='ocrx_word' id='word_1_167' title='bbox 816 2669 938 2717; x_wconf 75' lang='lat' dir='ltr'><strong>Lov-</strong></span> <span class='ocrx_word' id='word_1_168' title='bbox 962 2672 1012 2719; x_wconf 83' lang='grc'><strong>8.</strong></span> 
     </span>
    </p>

    <p class='ocr_par' dir='ltr' id='par_1_5' title="bbox 372 2742 1440 3255">
     <span class='ocr_line' id='line_1_31' title="bbox 444 2742 1440 2805; baseline 0.002 -15"><span class='ocrx_word' id='word_1_169' title='bbox 444 2743 474 2805; x_wconf 80' lang='lat'>§</span> <span class='ocrx_word' id='word_1_170' title='bbox 495 2746 528 2790; x_wconf 79' lang='grc'><strong>6</strong></span> <span class='ocrx_word' id='word_1_171' title='bbox 563 2742 736 2803; x_wconf 75' lang='lat' dir='ltr'><strong>Itaque</strong></span> <span class='ocrx_word' id='word_1_172' title='bbox 771 2744 824 2791; x_wconf 70' lang='lat' dir='ltr'><strong>oe</strong></span> <span class='ocrx_word' id='word_1_173' title='bbox 855 2742 1238 2803; x_wconf 67' lang='lat' dir='ltr'><strong>supplicationes]</strong></span> <span class='ocrx_word' id='word_1_174' title='bbox 1271 2743 1354 2791; x_wconf 77' lang='lat' dir='ltr'><strong>Itu</strong></span> <span class='ocrx_word' id='word_1_175' title='bbox 1388 2749 1440 2792; x_wconf 77' lang='lat' dir='ltr'><strong>et</strong></span> 
     </span>
     <span class='ocr_line' id='line_1_32' title="bbox 378 2814 1440 2879; baseline 0 -16"><span class='ocrx_word' id='word_1_176' title='bbox 378 2815 578 2877; x_wconf 74' lang='lat' dir='ltr'><strong>supplie-</strong></span> <span class='ocrx_word' id='word_1_177' title='bbox 603 2814 824 2863; x_wconf 82' lang='lat' dir='ltr'><strong>Gsertn.</strong></span> <span class='ocrx_word' id='word_1_178' title='bbox 889 2814 1024 2863; x_wconf 82' lang='lat' dir='ltr'><strong>Vide</strong></span> <span class='ocrx_word' id='word_1_179' title='bbox 1058 2814 1121 2864; x_wconf 88' lang='lat' dir='ltr'><strong>sd</strong></span> <span class='ocrx_word' id='word_1_180' title='bbox 1158 2827 1276 2864; x_wconf 88' lang='grc' dir='ltr'><strong>ιιι.</strong></span> <span class='ocrx_word' id='word_1_181' title='bbox 1296 2819 1378 2863; x_wconf 79' lang='grc'><strong>68.</strong></span> <span class='ocrx_word' id='word_1_182' title='bbox 1409 2816 1440 2879; x_wconf 66' lang='lat'>5</span> 
     </span>
     <span class='ocr_line' id='line_1_33' title="bbox 377 2889 1440 2953; baseline 0.002 -16"><span class='ocrx_word' id='word_1_183' title='bbox 377 2891 429 2937; x_wconf 93' lang='grc'><strong>7.</strong></span> <span class='ocrx_word' id='word_1_184' title='bbox 473 2898 528 2937; x_wconf 88' lang='lat' dir='ltr'><strong>et</strong></span> <span class='ocrx_word' id='word_1_185' title='bbox 571 2903 689 2937; x_wconf 87' lang='lat' dir='ltr'><strong>mox</strong></span> <span class='ocrx_word' id='word_1_186' title='bbox 731 2890 828 2939; x_wconf 86' lang='lat' dir='ltr'><strong>hoc</strong></span> <span class='ocrx_word' id='word_1_187' title='bbox 867 2903 982 2952; x_wconf 84' lang='lat' dir='ltr'><strong>esp.</strong></span> <span class='ocrx_word' id='word_1_188' title='bbox 1025 2891 1054 2953; x_wconf 64' lang='grc' dir='ltr'><strong>ς</strong></span> <span class='ocrx_word' id='word_1_189' title='bbox 1091 2902 1202 2953; x_wconf 88' lang='lat' dir='ltr'><strong>seq.</strong></span> <span class='ocrx_word' id='word_1_190' title='bbox 1271 2889 1440 2952; x_wconf 72' lang='lat' dir='ltr'><strong>Itaque</strong></span> 
     </span>
     <span class='ocr_line' id='line_1_34' title="bbox 375 2962 1438 3026; baseline 0.002 -15"><span class='ocrx_word' id='word_1_191' title='bbox 375 2964 575 3025; x_wconf 73' lang='lat' dir='ltr'><strong>supplic.</strong></span> <span class='ocrx_word' id='word_1_192' title='bbox 595 2962 724 3013; x_wconf 82' lang='lat' dir='ltr'><strong>Lov.</strong></span> <span class='ocrx_word' id='word_1_193' title='bbox 745 2967 794 3013; x_wconf 92' lang='grc'><strong>8.</strong></span> <span class='ocrx_word' id='word_1_194' title='bbox 859 2964 1030 3025; x_wconf 75' lang='lat' dir='ltr'><strong>Itaque</strong></span> <span class='ocrx_word' id='word_1_195' title='bbox 1055 2964 1438 3026; x_wconf 53' lang='lat' dir='ltr'><strong>supplicationes-</strong></span> 
     </span>
     <span class='ocr_line' id='line_1_35' title="bbox 376 3039 1438 3117; baseline 0 -28"><span class='ocrx_word' id='word_1_196' title='bbox 376 3053 466 3117; x_wconf 65' lang='lat' dir='ltr'><strong>que</strong></span> <span class='ocrx_word' id='word_1_197' title='bbox 491 3040 534 3087; x_wconf 82' lang='lat' dir='ltr'>V</span> <span class='ocrx_word' id='word_1_198' title='bbox 537 3054 636 3089; x_wconf 87' lang='lat' dir='ltr'><strong>oss.</strong></span> <span class='ocrx_word' id='word_1_199' title='bbox 659 3044 712 3089; x_wconf 97' lang='grc'><strong>2.</strong></span> <span class='ocrx_word' id='word_1_200' title='bbox 777 3039 902 3087; x_wconf 85' lang='lat' dir='ltr'><strong>Mox</strong></span> <span class='ocrx_word' id='word_1_201' title='bbox 925 3042 1134 3089; x_wconf 77' lang='lat' dir='ltr'><strong>consules</strong></span> <span class='ocrx_word' id='word_1_202' title='bbox 1152 3040 1336 3087; x_wconf 75' lang='lat' dir='ltr'><strong>nomine</strong></span> <span class='ocrx_word' id='word_1_203' title='bbox 1357 3040 1438 3089; x_wconf 77' lang='lat' dir='ltr'><strong>de—</strong></span> 
     </span>
     <span class='ocr_line' id='line_1_36' title="bbox 373 3102 1436 3179; baseline 0.003 -18"><span class='ocrx_word' id='word_1_204' title='bbox 373 3102 594 3179; x_wconf 60' lang='lat' dir='ltr'><strong>adsunt,</strong></span> <span class='ocrx_word' id='word_1_205' title='bbox 637 3130 732 3179; x_wconf 89' lang='lat' dir='ltr'><strong>pro</strong></span> <span class='ocrx_word' id='word_1_206' title='bbox 772 3116 994 3176; x_wconf 72' lang='lat' dir='ltr'><strong>consulis,</strong></span> <span class='ocrx_word' id='word_1_207' title='bbox 1023 3115 1152 3165; x_wconf 83' lang='lat' dir='ltr'><strong>Lor.</strong></span> <span class='ocrx_word' id='word_1_208' title='bbox 1187 3119 1238 3164; x_wconf 86' lang='grc'><strong>8.</strong></span> <span class='ocrx_word' id='word_1_209' title='bbox 1301 3115 1436 3165; x_wconf 87' lang='lat' dir='ltr'><strong>Vide</strong></span> 
     </span>
     <span class='ocr_line' id='line_1_37' title="bbox 372 3189 970 3255; baseline 0.003 -18"><span class='ocrx_word' id='word_1_210' title='bbox 372 3189 588 3239; x_wconf 80' lang='lat' dir='ltr'><strong>hoclib.</strong></span> <span class='ocrx_word' id='word_1_211' title='bbox 607 3192 742 3241; x_wconf 87' lang='lat' dir='ltr'><strong>sdc.</strong></span> <span class='ocrx_word' id='word_1_212' title='bbox 771 3196 847 3241; x_wconf 90' lang='grc'><strong>10.</strong></span> <span class='ocrx_word' id='word_1_213' title='bbox 870 3192 970 3255; x_wconf 76' lang='lat'><strong>§2-</strong></span> 
     </span>
    </p>

    <p class='ocr_par' dir='ltr' id='par_1_6' title="bbox 363 3264 1437 4152">
     <span class='ocr_line' id='line_1_38' title="bbox 437 3264 1437 3329; baseline 0.001 -16"><span class='ocrx_word' id='word_1_214' title='bbox 437 3265 698 3315; x_wconf 66' lang='lat' dir='ltr'><strong>dutitiam</strong></span> <span class='ocrx_word' id='word_1_215' title='bbox 719 3266 1002 3327; x_wconf 62' lang='lat' dir='ltr'><strong>amittitur,</strong></span> <span class='ocrx_word' id='word_1_216' title='bbox 1017 3265 1318 3329; x_wconf 75' lang='lat' dir='ltr'><strong>quodsuerut</strong></span> <span class='ocrx_word' id='word_1_217' title='bbox 1333 3264 1437 3314; x_wconf 74' lang='lat' dir='ltr'><strong>dies</strong></span> 
     </span>
     <span class='ocr_line' id='line_1_39' title="bbox 369 3342 1436 3405; baseline 0.002 -16"><span class='ocrx_word' id='word_1_218' title='bbox 369 3342 528 3390; x_wconf 75' lang='lat' dir='ltr'><strong>decens</strong></span> <span class='ocrx_word' id='word_1_219' title='bbox 547 3342 675 3405; x_wconf 73' lang='lat' dir='ltr'><strong>oceo]</strong></span> <span class='ocrx_word' id='word_1_220' title='bbox 711 3342 833 3391; x_wconf 80' lang='lat' dir='ltr'><strong>Vet.</strong></span> <span class='ocrx_word' id='word_1_221' title='bbox 855 3342 946 3391; x_wconf 85' lang='lat' dir='ltr'><strong>lib.</strong></span> <span class='ocrx_word' id='word_1_222' title='bbox 971 3355 1060 3405; x_wconf 80' lang='lat' dir='ltr'><strong>per</strong></span> <span class='ocrx_word' id='word_1_223' title='bbox 1085 3342 1191 3389; x_wconf 73' lang='grc' dir='ltr'><strong>ἀίει</strong></span> <span class='ocrx_word' id='word_1_224' title='bbox 1209 3344 1366 3391; x_wconf 75' lang='lat' dir='ltr'><strong>decem</strong></span> <span class='ocrx_word' id='word_1_225' title='bbox 1384 3347 1436 3391; x_wconf 76' lang='lat' dir='ltr'><strong>et</strong></span> 
     </span>
     <span class='ocr_line' id='line_1_40' title="bbox 369 3417 1430 3481; baseline 0.002 -16"><span class='ocrx_word' id='word_1_226' title='bbox 369 3420 488 3465; x_wconf 71' lang='lat' dir='ltr'><strong>octo.</strong></span> <span class='ocrx_word' id='word_1_227' title='bbox 524 3417 702 3480; x_wconf 72' lang='lat' dir='ltr'><strong>Sigon.</strong></span> <span class='ocrx_word' id='word_1_228' title='bbox 771 3417 860 3466; x_wconf 80' lang='lat' dir='ltr'><strong>Its</strong></span> <span class='ocrx_word' id='word_1_229' title='bbox 893 3417 1100 3481; x_wconf 83' lang='lat' dir='ltr'><strong>quidem</strong></span> <span class='ocrx_word' id='word_1_230' title='bbox 1133 3417 1249 3467; x_wconf 84' lang='lat' dir='ltr'><strong>Psl.</strong></span> <span class='ocrx_word' id='word_1_231' title='bbox 1271 3420 1320 3467; x_wconf 91' lang='grc'><strong>2.</strong></span> <span class='ocrx_word' id='word_1_232' title='bbox 1351 3418 1430 3467; x_wconf 85' lang='lat' dir='ltr'><strong>Si-</strong></span> 
     </span>
     <span class='ocr_line' id='line_1_41' title="bbox 372 3492 1432 3558; baseline 0.002 -17"><span class='ocrx_word' id='word_1_233' title='bbox 372 3492 524 3555; x_wconf 71' lang='lat' dir='ltr'><strong>gonio</strong></span> <span class='ocrx_word' id='word_1_234' title='bbox 557 3494 910 3544; x_wconf 84' lang='lat' dir='ltr'><strong>consentiens:</strong></span> <span class='ocrx_word' id='word_1_235' title='bbox 947 3494 1072 3543; x_wconf 77' lang='lat' dir='ltr'><strong>suas</strong></span> <span class='ocrx_word' id='word_1_236' title='bbox 1109 3494 1296 3558; x_wconf 76' lang='lat' dir='ltr'><strong>reliqui</strong></span> <span class='ocrx_word' id='word_1_237' title='bbox 1328 3492 1432 3543; x_wconf 88' lang='lat' dir='ltr'><strong>duo</strong></span> 
     </span>
     <span class='ocr_line' id='line_1_42' title="bbox 369 3566 1432 3627; baseline 0.003 -13"><span class='ocrx_word' id='word_1_238' title='bbox 369 3566 489 3627; x_wconf 70' lang='lat' dir='ltr'><strong>quod</strong></span> <span class='ocrx_word' id='word_1_239' title='bbox 517 3566 822 3625; x_wconf 73' lang='lat' dir='ltr'><strong>suerat-dies</strong></span> <span class='ocrx_word' id='word_1_240' title='bbox 865 3568 1079 3619; x_wconf 80' lang='lat' dir='ltr'><strong><em>XVIII.</em></strong></span> <span class='ocrx_word' id='word_1_241' title='bbox 1113 3568 1284 3617; x_wconf 81' lang='lat' dir='ltr'><strong>Gebh.</strong></span> <span class='ocrx_word' id='word_1_242' title='bbox 1349 3570 1432 3617; x_wconf 79' lang='lat' dir='ltr'><strong>Ex</strong></span> 
     </span>
     <span class='ocr_line' id='line_1_43' title="bbox 370 3642 1430 3705; baseline 0.004 -16"><span class='ocrx_word' id='word_1_243' title='bbox 370 3642 648 3704; x_wconf 75' lang='lat' dir='ltr'><strong>Sigouisuo</strong></span> <span class='ocrx_word' id='word_1_244' title='bbox 671 3643 952 3693; x_wconf 83' lang='lat' dir='ltr'><strong>immissum</strong></span> <span class='ocrx_word' id='word_1_245' title='bbox 986 3657 1073 3705; x_wconf 76' lang='lat' dir='ltr'><strong>per</strong></span> <span class='ocrx_word' id='word_1_246' title='bbox 1107 3642 1222 3693; x_wconf 79' lang='lat' dir='ltr'><strong>libri</strong></span> <span class='ocrx_word' id='word_1_247' title='bbox 1253 3644 1430 3693; x_wconf 85' lang='lat' dir='ltr'><strong>melio·</strong></span> 
     </span>
     <span class='ocr_line' id='line_1_44' title="bbox 371 3716 1430 3781; baseline 0.004 -18"><span class='ocrx_word' id='word_1_248' title='bbox 371 3729 454 3763; x_wconf 90' lang='lat' dir='ltr'><strong>res</strong></span> <span class='ocrx_word' id='word_1_249' title='bbox 490 3729 604 3763; x_wconf 86' lang='lat' dir='ltr'><strong>oum</strong></span> <span class='ocrx_word' id='word_1_250' title='bbox 644 3716 930 3779; x_wconf 78' lang='lat' dir='ltr'><strong>untiquitus</strong></span> <span class='ocrx_word' id='word_1_251' title='bbox 973 3717 1128 3767; x_wconf 88' lang='lat' dir='ltr'><strong>editis</strong></span> <span class='ocrx_word' id='word_1_252' title='bbox 1169 3717 1430 3781; x_wconf 73' lang='lat' dir='ltr'><strong>ignorant.</strong></span> 
     </span>
     <span class='ocr_line' id='line_1_45' title="bbox 369 3788 1428 3859; baseline 0.007 -22"><span class='ocrx_word' id='word_1_253' title='bbox 369 3788 590 3859; x_wconf 67' lang='lat' dir='ltr'><strong>Plautus</strong></span> <span class='ocrx_word' id='word_1_254' title='bbox 615 3789 760 3857; x_wconf 79' lang='lat' dir='ltr'><strong>Asin.</strong></span> <span class='ocrx_word' id='word_1_255' title='bbox 785 3804 844 3841; x_wconf 84' lang='grc' dir='ltr'><strong>ιι.</strong></span> <span class='ocrx_word' id='word_1_256' title='bbox 866 3795 914 3841; x_wconf 95' lang='grc'><strong>4.</strong></span> <span class='ocrx_word' id='word_1_257' title='bbox 935 3796 1018 3841; x_wconf 89' lang='grc'><strong>22.</strong></span> <span class='ocrx_word' id='word_1_258' title='bbox 1061 3794 1077 3821; x_wconf 77' lang='lat'><strong><em>⁶</em></strong></span> <span class='ocrx_word' id='word_1_259' title='bbox 1099 3793 1235 3844; x_wconf 80' lang='lat' dir='ltr'><strong>Quis</strong></span> <span class='ocrx_word' id='word_1_260' title='bbox 1267 3794 1428 3843; x_wconf 83' lang='lat' dir='ltr'><strong>tridu-</strong></span> 
     </span>
     <span class='ocr_line' id='line_1_46' title="bbox 367 3863 1428 3930; baseline 0.007 -19"><span class='ocrx_word' id='word_1_261' title='bbox 367 3878 452 3913; x_wconf 89' lang='lat' dir='ltr'><strong>um</strong></span> <span class='ocrx_word' id='word_1_262' title='bbox 478 3863 574 3913; x_wconf 86' lang='lat' dir='ltr'><strong>hoc</strong></span> <span class='ocrx_word' id='word_1_263' title='bbox 599 3879 752 3913; x_wconf 85' lang='lat' dir='ltr'><strong>uuum</strong></span> <span class='ocrx_word' id='word_1_264' title='bbox 771 3866 921 3916; x_wconf 86' lang='lat' dir='ltr'><strong>modo</strong></span> <span class='ocrx_word' id='word_1_265' title='bbox 941 3866 1056 3916; x_wconf 79' lang='lat' dir='ltr'><strong>foro</strong></span> <span class='ocrx_word' id='word_1_266' title='bbox 1073 3881 1280 3930; x_wconf 73' lang='lat' dir='ltr'><strong>operam</strong></span> <span class='ocrx_word' id='word_1_267' title='bbox 1301 3870 1428 3918; x_wconf 77' lang='lat' dir='ltr'><strong>ussi·</strong></span> 
     </span>
     <span class='ocr_line' id='line_1_47' title="bbox 367 3938 1431 3995; baseline 0.009 -9"><span class='ocrx_word' id='word_1_268' title='bbox 367 3938 520 3987; x_wconf 75' lang='lat' dir='ltr'><strong>duam</strong></span> <span class='ocrx_word' id='word_1_269' title='bbox 545 3938 702 3988; x_wconf 67' lang='lat' dir='ltr'><strong>dedi!</strong></span> <span class='ocrx_word' id='word_1_270' title='bbox 767 3940 1026 3991; x_wconf 73' lang='lat' dir='ltr'><strong>Menaeoh.</strong></span> <span class='ocrx_word' id='word_1_271' title='bbox 1046 3957 1102 3992; x_wconf 76' lang='lat' dir='ltr'><strong>v.</strong></span> <span class='ocrx_word' id='word_1_272' title='bbox 1123 3948 1172 3991; x_wconf 80' lang='lat'><strong>5.</strong></span> <span class='ocrx_word' id='word_1_273' title='bbox 1193 3948 1276 3995; x_wconf 91' lang='grc'><strong>47.</strong></span> <span class='ocrx_word' id='word_1_274' title='bbox 1309 3948 1324 3972; x_wconf 78' lang='lat'><em>⁸</em></span> <span class='ocrx_word' id='word_1_275' title='bbox 1345 3946 1431 3995; x_wconf 79' lang='lat' dir='ltr'><strong>El-</strong></span> 
     </span>
     <span class='ocr_line' id='line_1_48' title="bbox 363 4012 1424 4081; baseline 0.009 -22"><span class='ocrx_word' id='word_1_276' title='bbox 363 4012 596 4061; x_wconf 77' lang='lat' dir='ltr'><strong>leborum</strong></span> <span class='ocrx_word' id='word_1_277' title='bbox 623 4014 846 4077; x_wconf 78' lang='lat' dir='ltr'><strong>potabis,</strong></span> <span class='ocrx_word' id='word_1_278' title='bbox 864 4012 1002 4071; x_wconf 69' lang='lat' dir='ltr'><strong>faxo,</strong></span> <span class='ocrx_word' id='word_1_279' title='bbox 1023 4017 1220 4081; x_wconf 79' lang='lat' dir='ltr'><strong>sliquos</strong></span> <span class='ocrx_word' id='word_1_280' title='bbox 1241 4018 1424 4080; x_wconf 78' lang='lat' dir='ltr'><strong>viginti</strong></span> 
     </span>
     <span class='ocr_line' id='line_1_49' title="bbox 363 4086 1424 4152; baseline 0.007 -15"><span class='ocrx_word' id='word_1_281' title='bbox 363 4086 512 4137; x_wconf 84' lang='lat' dir='ltr'><strong>dies.’</strong></span> <span class='ocrx_word' id='word_1_282' title='bbox 548 4090 605 4137; x_wconf 80' lang='lat' dir='ltr'><strong>J.</strong></span> <span class='ocrx_word' id='word_1_283' title='bbox 647 4089 702 4137; x_wconf 75' lang='lat' dir='ltr'><strong>F.</strong></span> <span class='ocrx_word' id='word_1_284' title='bbox 732 4090 888 4139; x_wconf 76' lang='lat' dir='ltr'><strong>Gron.</strong></span> <span class='ocrx_word' id='word_1_285' title='bbox 953 4092 1020 4141; x_wconf 78' lang='lat' dir='ltr'><strong>Et</strong></span> <span class='ocrx_word' id='word_1_286' title='bbox 1056 4093 1308 4152; x_wconf 69' lang='lat' dir='ltr'><strong>jutitiam</strong></span> <span class='ocrx_word' id='word_1_287' title='bbox 1349 4110 1424 4144; x_wconf 85' lang='lat' dir='ltr'><strong>re·</strong></span> 
     </span>
    </p>
   </div>
   <div class='ocr_carea' id='block_1_3' title="bbox 365 4164 2123 4229">
    <p class='ocr_par' dir='ltr' id='par_1_7' title="bbox 365 4164 2123 4229">
     <span class='ocr_line' id='line_1_50' title="bbox 365 4164 2123 4229; baseline 0.006 -16"><span class='ocrx_word' id='word_1_288' title='bbox 365 4164 596 4227; x_wconf 67' lang='lat' dir='ltr'><strong>mittunt»,</strong></span> <span class='ocrx_word' id='word_1_289' title='bbox 633 4165 816 4215; x_wconf 74' lang='lat' dir='ltr'><strong>addite</strong></span> <span class='ocrx_word' id='word_1_290' title='bbox 853 4167 1018 4229; x_wconf 77' lang='lat' dir='ltr'><strong>priuis</strong></span> <span class='ocrx_word' id='word_1_291' title='bbox 1058 4170 1260 4225; x_wconf 72' lang='lat' dir='ltr'><strong>vocula,</strong></span> <span class='ocrx_word' id='word_1_292' title='bbox 1295 4170 1425 4219; x_wconf 72' lang='lat' dir='ltr'><strong>Lov-</strong></span> <span class='ocrx_word' id='word_1_293' title='bbox 1499 4186 1618 4221; x_wconf 84' lang='lat' dir='ltr'><strong>ores</strong></span> <span class='ocrx_word' id='word_1_294' title='bbox 1660 4172 1765 4223; x_wconf 74' lang='lat' dir='ltr'><strong>dies</strong></span> <span class='ocrx_word' id='word_1_295' title='bbox 1802 4174 1960 4221; x_wconf 69' lang='lat' dir='ltr'><strong>decem</strong></span> <span class='ocrx_word' id='word_1_296' title='bbox 1996 4176 2123 4223; x_wconf 77' lang='lat' dir='ltr'><strong>oceo.</strong></span> 
     </span>
    </p>
   </div>
   <div class='ocr_carea' id='block_1_4' title="bbox 360 4240 1422 4309">
    <p class='ocr_par' dir='ltr' id='par_1_8' title="bbox 360 4240 1422 4309">
     <span class='ocr_line' id='line_1_51' title="bbox 360 4240 1422 4309; baseline 0.004 -20"><span class='ocrx_word' id='word_1_297' title='bbox 360 4243 408 4289; x_wconf 85' lang='grc'><strong>4.</strong></span> <span class='ocrx_word' id='word_1_298' title='bbox 425 4240 676 4299; x_wconf 70' lang='lat' dir='ltr'><strong>justitium</strong></span> <span class='ocrx_word' id='word_1_299' title='bbox 695 4242 949 4293; x_wconf 67' lang='lat' dir='ltr'><strong>rentium</strong></span> <span class='ocrx_word' id='word_1_300' title='bbox 969 4242 1124 4294; x_wconf 68' lang='lat' dir='ltr'><strong>Harl.</strong></span> <span class='ocrx_word' id='word_1_301' title='bbox 1149 4260 1266 4295; x_wconf 84' lang='lat' dir='ltr'><strong>cnm</strong></span> <span class='ocrx_word' id='word_1_302' title='bbox 1291 4246 1422 4309; x_wconf 88' lang='lat' dir='ltr'><strong>pris·</strong></span> 
     </span>
    </p>
   </div>
   <div class='ocr_carea' id='block_1_5' title="bbox 2410 404 2584 471">
    <p class='ocr_par' dir='ltr' id='par_1_9' title="bbox 2410 404 2584 471">
     <span class='ocr_line' id='line_1_52' title="bbox 2410 404 2584 471; baseline -0.011 1"><span class='ocrx_word' id='word_1_303' title='bbox 2410 404 2584 471; x_wconf 82' lang='lat'>8957</span> 
     </span>
    </p>
   </div>
   <div class='ocr_carea' id='block_1_6' title="bbox 1525 560 2589 1081">
    <p class='ocr_par' dir='ltr' id='par_1_10' title="bbox 1525 560 2589 1081">
     <span class='ocr_line' id='line_1_53' title="bbox 1530 560 2589 625; baseline 0.002 -15"><span class='ocrx_word' id='word_1_304' title='bbox 1530 560 1606 611; x_wconf 88' lang='lat' dir='ltr'><strong>cis</strong></span> <span class='ocrx_word' id='word_1_305' title='bbox 1630 560 1751 609; x_wconf 81' lang='lat' dir='ltr'><strong>edd.</strong></span> <span class='ocrx_word' id='word_1_306' title='bbox 1770 575 1866 623; x_wconf 85' lang='lat' dir='ltr'><strong>pro</strong></span> <span class='ocrx_word' id='word_1_307' title='bbox 1888 574 1989 625; x_wconf 90' lang='lat' dir='ltr'><strong>quo</strong></span> <span class='ocrx_word' id='word_1_308' title='bbox 2011 560 2235 611; x_wconf 80' lang='lat' dir='ltr'><strong>Froben.</strong></span> <span class='ocrx_word' id='word_1_309' title='bbox 2256 564 2401 612; x_wconf 75' lang='grc'><strong>1586.</strong></span> <span class='ocrx_word' id='word_1_310' title='bbox 2420 562 2589 612; x_wconf 73' lang='lat' dir='ltr'><strong>remit·</strong></span> 
     </span>
     <span class='ocr_line' id='line_1_54' title="bbox 1529 636 2586 700; baseline 0.005 -17"><span class='ocrx_word' id='word_1_311' title='bbox 1529 637 1651 685; x_wconf 78' lang='lat' dir='ltr'><strong>titus·</strong></span> <span class='ocrx_word' id='word_1_312' title='bbox 1689 644 1835 687; x_wconf 85' lang='lat' dir='ltr'><strong>reete</strong></span> <span class='ocrx_word' id='word_1_313' title='bbox 1872 638 2119 700; x_wconf 85' lang='lat' dir='ltr'><strong>reposuit.</strong></span> <span class='ocrx_word' id='word_1_314' title='bbox 2184 636 2317 685; x_wconf 77' lang='lat' dir='ltr'><strong>vide</strong></span> <span class='ocrx_word' id='word_1_315' title='bbox 2356 636 2419 686; x_wconf 81' lang='lat' dir='ltr'><strong>sd</strong></span> <span class='ocrx_word' id='word_1_316' title='bbox 2458 650 2586 688; x_wconf 77' lang='lat' dir='ltr'><strong>vm.</strong></span> 
     </span>
     <span class='ocr_line' id='line_1_55' title="bbox 1529 713 2586 777; baseline 0.001 -14"><span class='ocrx_word' id='word_1_317' title='bbox 1529 718 1611 764; x_wconf 85' lang='grc'><strong>84.</strong></span> <span class='ocrx_word' id='word_1_318' title='bbox 1649 716 1677 777; x_wconf 83' lang='lat'>§</span> <span class='ocrx_word' id='word_1_319' title='bbox 1714 718 1763 763; x_wconf 78' lang='lat'><strong>9.</strong></span> <span class='ocrx_word' id='word_1_320' title='bbox 1828 713 2057 775; x_wconf 86' lang='lat' dir='ltr'><strong>Deinde,</strong></span> <span class='ocrx_word' id='word_1_321' title='bbox 2093 714 2465 776; x_wconf 68' lang='lat' dir='ltr'><strong>praepositione</strong></span> <span class='ocrx_word' id='word_1_322' title='bbox 2502 728 2586 764; x_wconf 80' lang='lat' dir='ltr'><strong>re-</strong></span> 
     </span>
     <span class='ocr_line' id='line_1_56' title="bbox 1528 788 2585 851; baseline 0 -14"><span class='ocrx_word' id='word_1_323' title='bbox 1528 795 1703 851; x_wconf 73' lang='lat' dir='ltr'><strong>cepta,</strong></span> <span class='ocrx_word' id='word_1_324' title='bbox 1736 802 1828 851; x_wconf 80' lang='lat' dir='ltr'><strong>per</strong></span> <span class='ocrx_word' id='word_1_325' title='bbox 1858 788 1961 837; x_wconf 76' lang='lat' dir='ltr'><strong>dies</strong></span> <span class='ocrx_word' id='word_1_326' title='bbox 2000 789 2147 838; x_wconf 87' lang='lat' dir='ltr'><strong>Port.</strong></span> <span class='ocrx_word' id='word_1_327' title='bbox 2189 788 2407 838; x_wconf 83' lang='lat' dir='ltr'><strong>Gsertn.</strong></span> <span class='ocrx_word' id='word_1_328' title='bbox 2446 788 2585 838; x_wconf 78' lang='lat' dir='ltr'><strong>Hsv.</strong></span> 
     </span>
     <span class='ocr_line' id='line_1_57' title="bbox 1527 863 2585 921; baseline -0.001 -8"><span class='ocrx_word' id='word_1_329' title='bbox 1527 871 1582 913; x_wconf 84' lang='lat' dir='ltr'><strong>et</strong></span> <span class='ocrx_word' id='word_1_330' title='bbox 1621 864 1839 913; x_wconf 84' lang='lat' dir='ltr'><strong>Hesrnii</strong></span> <span class='ocrx_word' id='word_1_331' title='bbox 1870 863 2043 913; x_wconf 81' lang='lat' dir='ltr'><strong>Oxou.</strong></span> <span class='ocrx_word' id='word_1_332' title='bbox 2078 864 2149 913; x_wconf 91' lang='lat' dir='ltr'><strong>N.</strong></span> <span class='ocrx_word' id='word_1_333' title='bbox 2184 877 2244 913; x_wconf 85' lang='lat' dir='ltr'><strong>sc</strong></span> <span class='ocrx_word' id='word_1_334' title='bbox 2271 864 2332 913; x_wconf 84' lang='lat' dir='ltr'><strong>C·</strong></span> <span class='ocrx_word' id='word_1_335' title='bbox 2399 863 2485 921; x_wconf 86' lang='lat' dir='ltr'><strong>Et,</strong></span> <span class='ocrx_word' id='word_1_336' title='bbox 2509 864 2585 913; x_wconf 80' lang='lat' dir='ltr'><strong>its</strong></span> 
     </span>
     <span class='ocr_line' id='line_1_58' title="bbox 1527 940 2585 1002; baseline 0 -15"><span class='ocrx_word' id='word_1_337' title='bbox 1527 953 1903 1002; x_wconf 68' lang='lat' dir='ltr'><strong>nonnumquam</strong></span> <span class='ocrx_word' id='word_1_338' title='bbox 1939 940 2143 989; x_wconf 75' lang='lat' dir='ltr'><strong>Livium</strong></span> <span class='ocrx_word' id='word_1_339' title='bbox 2180 940 2407 988; x_wconf 84' lang='lat' dir='ltr'><strong>locutum</strong></span> <span class='ocrx_word' id='word_1_340' title='bbox 2449 953 2585 1001; x_wconf 86' lang='lat' dir='ltr'><strong>esse,</strong></span> 
     </span>
     <span class='ocr_line' id='line_1_59' title="bbox 1525 1016 2587 1081; baseline 0 -16"><span class='ocrx_word' id='word_1_341' title='bbox 1525 1016 1679 1067; x_wconf 85' lang='lat' dir='ltr'><strong>docet</strong></span> <span class='ocrx_word' id='word_1_342' title='bbox 1713 1018 1952 1080; x_wconf 77' lang='lat' dir='ltr'><strong>Sigonius</strong></span> <span class='ocrx_word' id='word_1_343' title='bbox 1995 1018 2059 1067; x_wconf 84' lang='lat' dir='ltr'><strong>sd</strong></span> <span class='ocrx_word' id='word_1_344' title='bbox 2098 1030 2309 1067; x_wconf 79' lang='lat' dir='ltr'><strong>xxxix.</strong></span> <span class='ocrx_word' id='word_1_345' title='bbox 2344 1020 2427 1066; x_wconf 86' lang='grc'><strong>22.</strong></span> <span class='ocrx_word' id='word_1_346' title='bbox 2464 1018 2493 1081; x_wconf 83' lang='lat'>§</span> <span class='ocrx_word' id='word_1_347' title='bbox 2538 1021 2587 1066; x_wconf 85' lang='lat'><strong>1.</strong></span> 
     </span>
    </p>
   </div>
   <div class='ocr_carea' id='block_1_7' title="bbox 1501 1090 2585 4311">
    <p class='ocr_par' dir='ltr' id='par_1_11' title="bbox 1501 1090 2585 4311">
     <span class='ocr_line' id='line_1_60' title="bbox 1523 1090 2581 1155; baseline -0.002 -14"><span class='ocrx_word' id='word_1_348' title='bbox 1523 1090 1660 1141; x_wconf 81' lang='lat' dir='ltr'><strong>Vide</strong></span> <span class='ocrx_word' id='word_1_349' title='bbox 1680 1092 1837 1142; x_wconf 80' lang='lat' dir='ltr'><strong>etism</strong></span> <span class='ocrx_word' id='word_1_350' title='bbox 1864 1091 1927 1140; x_wconf 85' lang='lat' dir='ltr'><strong>sd</strong></span> <span class='ocrx_word' id='word_1_351' title='bbox 1954 1092 2422 1155; x_wconf 74' lang='lat' dir='ltr'><strong>xxxv111.2⁷.§⁷</strong></span> <span class='ocrx_word' id='word_1_352' title='bbox 2476 1090 2581 1141; x_wconf 85' lang='lat' dir='ltr'><strong>Sed</strong></span> 
     </span>
     <span class='ocr_line' id='line_1_61' title="bbox 1525 1166 2584 1216; baseline -0.001 -1"><span class='ocrx_word' id='word_1_353' title='bbox 1525 1180 1768 1216; x_wconf 84' lang='lat' dir='ltr'><strong>numerus</strong></span> <span class='ocrx_word' id='word_1_354' title='bbox 1789 1174 1845 1215; x_wconf 83' lang='lat' dir='ltr'><strong>et</strong></span> <span class='ocrx_word' id='word_1_355' title='bbox 1866 1166 2066 1215; x_wconf 84' lang='lat' dir='ltr'><strong>bonitss</strong></span> <span class='ocrx_word' id='word_1_356' title='bbox 2090 1166 2323 1216; x_wconf 73' lang='lat' dir='ltr'><strong>eamdem</strong></span> <span class='ocrx_word' id='word_1_357' title='bbox 2342 1166 2584 1216; x_wconf 82' lang='lat' dir='ltr'><strong>omitten-</strong></span> 
     </span>
     <span class='ocr_line' id='line_1_62' title="bbox 1527 1238 2583 1291; baseline 0 -2"><span class='ocrx_word' id='word_1_358' title='bbox 1527 1242 1657 1290; x_wconf 83' lang='lat' dir='ltr'><strong>tium</strong></span> <span class='ocrx_word' id='word_1_359' title='bbox 1680 1238 1907 1291; x_wconf 79' lang='lat' dir='ltr'><strong>efficiunt</strong></span> <span class='ocrx_word' id='word_1_360' title='bbox 1932 1249 1988 1289; x_wconf 89' lang='lat' dir='ltr'><strong>ut</strong></span> <span class='ocrx_word' id='word_1_361' title='bbox 2014 1240 2279 1291; x_wconf 82' lang='lat' dir='ltr'><strong>Gronovio</strong></span> <span class='ocrx_word' id='word_1_362' title='bbox 2304 1240 2583 1289; x_wconf 70' lang='lat' dir='ltr'><strong>adsentiar.</strong></span> 
     </span>
     <span class='ocr_line' id='line_1_63' title="bbox 1527 1316 2585 1367; baseline -0.001 -2"><span class='ocrx_word' id='word_1_363' title='bbox 1527 1316 1753 1367; x_wconf 79' lang='lat' dir='ltr'><strong>Accedit</strong></span> <span class='ocrx_word' id='word_1_364' title='bbox 1788 1317 1991 1365; x_wconf 82' lang='lat' dir='ltr'><strong>Livium</strong></span> <span class='ocrx_word' id='word_1_365' title='bbox 2031 1316 2309 1365; x_wconf 77' lang='lat' dir='ltr'><strong>innumeris</strong></span> <span class='ocrx_word' id='word_1_366' title='bbox 2344 1316 2468 1365; x_wconf 88' lang='lat' dir='ltr'><strong>locis</strong></span> <span class='ocrx_word' id='word_1_367' title='bbox 2508 1316 2585 1365; x_wconf 81' lang='lat' dir='ltr'><strong>its</strong></span> 
     </span>
     <span class='ocr_line' id='line_1_64' title="bbox 1525 1390 2583 1453; baseline 0 -13"><span class='ocrx_word' id='word_1_368' title='bbox 1525 1393 1753 1441; x_wconf 81' lang='lat' dir='ltr'><strong>locutum</strong></span> <span class='ocrx_word' id='word_1_369' title='bbox 1776 1407 1905 1441; x_wconf 86' lang='lat' dir='ltr'><strong>esse.</strong></span> <span class='ocrx_word' id='word_1_370' title='bbox 1970 1392 2141 1453; x_wconf 76' lang='lat' dir='ltr'><strong>Supra</strong></span> <span class='ocrx_word' id='word_1_371' title='bbox 2174 1404 2237 1439; x_wconf 83' lang='grc' dir='ltr'><strong>ιι.</strong></span> <span class='ocrx_word' id='word_1_372' title='bbox 2266 1396 2316 1439; x_wconf 91' lang='grc'><strong>7.</strong></span> <span class='ocrx_word' id='word_1_373' title='bbox 2346 1391 2364 1417; x_wconf 77' lang='lat'><em>⁶</em></span> <span class='ocrx_word' id='word_1_374' title='bbox 2382 1390 2583 1440; x_wconf 74' lang='lat' dir='ltr'><strong>Metro·</strong></span> 
     </span>
     <span class='ocr_line' id='line_1_65' title="bbox 1523 1465 2583 1530; baseline -0.004 -13"><span class='ocrx_word' id='word_1_375' title='bbox 1523 1482 1607 1518; x_wconf 77' lang='lat' dir='ltr'><strong>noe</strong></span> <span class='ocrx_word' id='word_1_376' title='bbox 1638 1482 1847 1530; x_wconf 80' lang='lat' dir='ltr'><strong>sununs,</strong></span> <span class='ocrx_word' id='word_1_377' title='bbox 1877 1478 1934 1516; x_wconf 82' lang='lat' dir='ltr'><strong>ut</strong></span> <span class='ocrx_word' id='word_1_378' title='bbox 1969 1474 2257 1529; x_wconf 79' lang='lat' dir='ltr'><strong>pst-entem,</strong></span> <span class='ocrx_word' id='word_1_379' title='bbox 2288 1480 2403 1513; x_wconf 87' lang='lat' dir='ltr'><strong>eum</strong></span> <span class='ocrx_word' id='word_1_380' title='bbox 2440 1465 2583 1513; x_wconf 82' lang='lat' dir='ltr'><strong>luxe-</strong></span> 
     </span>
     <span class='ocr_line' id='line_1_66' title="bbox 1525 1540 2580 1604; baseline -0.001 -14"><span class='ocrx_word' id='word_1_381' title='bbox 1525 1542 1681 1592; x_wconf 79' lang='lat' dir='ltr'><strong>runt-⁹</strong></span> <span class='ocrx_word' id='word_1_382' title='bbox 1736 1555 1825 1591; x_wconf 89' lang='grc' dir='ltr'><strong>ιιι.</strong></span> <span class='ocrx_word' id='word_1_383' title='bbox 1864 1546 1912 1591; x_wconf 88' lang='grc'><strong>8.</strong></span> <span class='ocrx_word' id='word_1_384' title='bbox 1943 1544 1959 1571; x_wconf 82' lang='lat'>⁸</span> <span class='ocrx_word' id='word_1_385' title='bbox 1980 1543 2161 1591; x_wconf 81' lang='lat' dir='ltr'><strong>Finem</strong></span> <span class='ocrx_word' id='word_1_386' title='bbox 2188 1542 2420 1604; x_wconf 84' lang='lat' dir='ltr'><strong>justitio,</strong></span> <span class='ocrx_word' id='word_1_387' title='bbox 2442 1540 2580 1604; x_wconf 87' lang='lat' dir='ltr'><strong>quod</strong></span> 
     </span>
     <span class='ocr_line' id='line_1_67' title="bbox 1524 1616 2581 1680; baseline -0.002 -13"><span class='ocrx_word' id='word_1_388' title='bbox 1524 1616 1851 1680; x_wconf 81' lang='lat' dir='ltr'><strong>qustriduum</strong></span> <span class='ocrx_word' id='word_1_389' title='bbox 1868 1618 1987 1673; x_wconf 79' lang='lat' dir='ltr'><strong>fuit,</strong></span> <span class='ocrx_word' id='word_1_390' title='bbox 2005 1618 2201 1667; x_wconf 86' lang='lat' dir='ltr'><strong>reditus</strong></span> <span class='ocrx_word' id='word_1_391' title='bbox 2215 1616 2444 1667; x_wconf 78' lang='lat' dir='ltr'><strong>Quinctii</strong></span> <span class='ocrx_word' id='word_1_392' title='bbox 2458 1630 2581 1666; x_wconf 85' lang='lat' dir='ltr'><strong>con·</strong></span> 
     </span>
     <span class='ocr_line' id='line_1_68' title="bbox 1522 1689 2581 1753; baseline 0 -12"><span class='ocrx_word' id='word_1_393' title='bbox 1522 1692 1647 1751; x_wconf 71' lang='lat' dir='ltr'><strong>sniis</strong></span> <span class='ocrx_word' id='word_1_394' title='bbox 1670 1693 1721 1742; x_wconf 90' lang='lat' dir='ltr'><strong>in</strong></span> <span class='ocrx_word' id='word_1_395' title='bbox 1746 1693 1923 1742; x_wconf 85' lang='lat' dir='ltr'><strong>urbem</strong></span> <span class='ocrx_word' id='word_1_396' title='bbox 1945 1692 2107 1741; x_wconf 62' lang='lat' dir='ltr'><strong>fecit!</strong></span> <span class='ocrx_word' id='word_1_397' title='bbox 2144 1706 2192 1740; x_wconf 85' lang='lat' dir='ltr'><strong>e.</strong></span> <span class='ocrx_word' id='word_1_398' title='bbox 2214 1695 2296 1741; x_wconf 89' lang='grc'><strong>28.</strong></span> <span class='ocrx_word' id='word_1_399' title='bbox 2330 1693 2345 1719; x_wconf 88' lang='lat'>‘</span> <span class='ocrx_word' id='word_1_400' title='bbox 2364 1689 2581 1753; x_wconf 80' lang='lat' dir='ltr'><strong>Aliquot</strong></span> 
     </span>
     <span class='ocr_line' id='line_1_69' title="bbox 1521 1766 2580 1818; baseline -0.001 -1"><span class='ocrx_word' id='word_1_401' title='bbox 1521 1782 1724 1818; x_wconf 86' lang='lat' dir='ltr'><strong>menses</strong></span> <span class='ocrx_word' id='word_1_402' title='bbox 1735 1768 1945 1817; x_wconf 80' lang='lat' dir='ltr'><strong>Tusculi</strong></span> <span class='ocrx_word' id='word_1_403' title='bbox 1960 1766 2244 1818; x_wconf 67' lang='lat' dir='ltr'><strong>bellstum!</strong></span> <span class='ocrx_word' id='word_1_404' title='bbox 2264 1781 2312 1815; x_wconf 85' lang='lat' dir='ltr'><strong>c.</strong></span> <span class='ocrx_word' id='word_1_405' title='bbox 2324 1770 2404 1815; x_wconf 87' lang='grc'><strong>80.</strong></span> <span class='ocrx_word' id='word_1_406' title='bbox 2420 1766 2580 1817; x_wconf 79' lang='lat' dir='ltr'><strong>‘Quo-</strong></span> 
     </span>
     <span class='ocr_line' id='line_1_70' title="bbox 1523 1842 2577 1908; baseline -0.005 -16"><span class='ocrx_word' id='word_1_407' title='bbox 1523 1844 1659 1893; x_wconf 76' lang='lat' dir='ltr'><strong>nium</strong></span> <span class='ocrx_word' id='word_1_408' title='bbox 1680 1844 1777 1906; x_wconf 86' lang='lat' dir='ltr'><strong>ipsi</strong></span> <span class='ocrx_word' id='word_1_409' title='bbox 1795 1844 2197 1908; x_wconf 84' lang='lat' dir='ltr'><strong>quinquennium</strong></span> <span class='ocrx_word' id='word_1_410' title='bbox 2216 1843 2345 1894; x_wconf 87' lang='lat' dir='ltr'><strong>elusi</strong></span> <span class='ocrx_word' id='word_1_411' title='bbox 2368 1842 2577 1892; x_wconf 66' lang='lat' dir='ltr'><strong>essent?</strong></span> 
     </span>
     <span class='ocr_line' id='line_1_71' title="bbox 1523 1918 2579 1979; baseline -0.001 -14"><span class='ocrx_word' id='word_1_412' title='bbox 1523 1930 1577 1965; x_wconf 78' lang='lat' dir='ltr'><strong>v.</strong></span> <span class='ocrx_word' id='word_1_413' title='bbox 1598 1923 1679 1967; x_wconf 87' lang='grc'><strong>10.</strong></span> <span class='ocrx_word' id='word_1_414' title='bbox 1700 1920 1715 1945; x_wconf 85' lang='lat'>⁸</span> <span class='ocrx_word' id='word_1_415' title='bbox 1732 1918 1901 1967; x_wconf 86' lang='lat' dir='ltr'><strong>Unum</strong></span> <span class='ocrx_word' id='word_1_416' title='bbox 1925 1918 2115 1966; x_wconf 80' lang='lat' dir='ltr'><strong>bellum</strong></span> <span class='ocrx_word' id='word_1_417' title='bbox 2138 1931 2323 1967; x_wconf 86' lang='lat' dir='ltr'><strong>sunum</strong></span> <span class='ocrx_word' id='word_1_418' title='bbox 2340 1918 2454 1979; x_wconf 82' lang='lat' dir='ltr'><strong>jum</strong></span> <span class='ocrx_word' id='word_1_419' title='bbox 2475 1926 2579 1965; x_wconf 86' lang='lat' dir='ltr'><strong>ter-</strong></span> 
     </span>
     <span class='ocr_line' id='line_1_72' title="bbox 1525 1989 2575 2043; baseline -0.001 -2"><span class='ocrx_word' id='word_1_420' title='bbox 1525 1992 1653 2041; x_wconf 84' lang='lat' dir='ltr'><strong>tium</strong></span> <span class='ocrx_word' id='word_1_421' title='bbox 1697 1991 1870 2041; x_wconf 75' lang='lat' dir='ltr'><strong>trabi-⁹</strong></span> <span class='ocrx_word' id='word_1_422' title='bbox 1938 1989 2086 2041; x_wconf 75' lang='lat' dir='ltr'><strong>Infra</strong></span> <span class='ocrx_word' id='word_1_423' title='bbox 2134 1992 2233 2040; x_wconf 81' lang='lat' dir='ltr'><strong>hoc</strong></span> <span class='ocrx_word' id='word_1_424' title='bbox 2275 1992 2363 2040; x_wconf 86' lang='lat' dir='ltr'><strong>lib.</strong></span> <span class='ocrx_word' id='word_1_425' title='bbox 2404 2007 2450 2041; x_wconf 90' lang='lat' dir='ltr'><strong>c.</strong></span> <span class='ocrx_word' id='word_1_426' title='bbox 2490 1995 2575 2043; x_wconf 79' lang='grc'><strong>47.</strong></span> 
     </span>
     <span class='ocr_line' id='line_1_73' title="bbox 1521 2064 2581 2129; baseline 0.001 -14"><span class='ocrx_word' id='word_1_427' title='bbox 1521 2066 1727 2117; x_wconf 81' lang='lat' dir='ltr'><strong>‘Unum</strong></span> <span class='ocrx_word' id='word_1_428' title='bbox 1766 2066 1901 2115; x_wconf 86' lang='lat' dir='ltr'><strong>diem</strong></span> <span class='ocrx_word' id='word_1_429' title='bbox 1938 2066 2230 2129; x_wconf 84' lang='lat' dir='ltr'><strong>AEseulspio</strong></span> <span class='ocrx_word' id='word_1_430' title='bbox 2266 2064 2581 2129; x_wconf 72' lang='lat' dir='ltr'><strong>supplicatio</strong></span> 
     </span>
     <span class='ocr_line' id='line_1_74' title="bbox 1521 2140 2575 2192; baseline 0.002 -3"><span class='ocrx_word' id='word_1_431' title='bbox 1521 2140 1699 2191; x_wconf 77' lang='lat' dir='ltr'><strong>habits</strong></span> <span class='ocrx_word' id='word_1_432' title='bbox 1719 2142 1833 2191; x_wconf 83' lang='lat' dir='ltr'><strong>est.’</strong></span> <span class='ocrx_word' id='word_1_433' title='bbox 1868 2155 1986 2192; x_wconf 80' lang='grc' dir='ltr'><strong>ιιι.</strong></span> <span class='ocrx_word' id='word_1_434' title='bbox 2006 2144 2089 2189; x_wconf 75' lang='grc'><strong>88.</strong></span> <span class='ocrx_word' id='word_1_435' title='bbox 2123 2144 2139 2169; x_wconf 78' lang='lat'>⁴</span> <span class='ocrx_word' id='word_1_436' title='bbox 2158 2140 2381 2191; x_wconf 82' lang='lat' dir='ltr'><strong>Biduum</strong></span> <span class='ocrx_word' id='word_1_437' title='bbox 2404 2155 2465 2191; x_wconf 86' lang='lat' dir='ltr'><strong>eo</strong></span> <span class='ocrx_word' id='word_1_438' title='bbox 2502 2142 2575 2191; x_wconf 89' lang='lat' dir='ltr'><strong>lo·</strong></span> 
     </span>
     <span class='ocr_line' id='line_1_75' title="bbox 1521 2217 2577 2278; baseline -0.001 -12"><span class='ocrx_word' id='word_1_439' title='bbox 1521 2232 1603 2278; x_wconf 86' lang='lat' dir='ltr'><strong>co,</strong></span> <span class='ocrx_word' id='word_1_440' title='bbox 1642 2219 1783 2267; x_wconf 83' lang='lat' dir='ltr'><strong>velut</strong></span> <span class='ocrx_word' id='word_1_441' title='bbox 1824 2218 2039 2275; x_wconf 76' lang='lat' dir='ltr'><strong>obsessi,</strong></span> <span class='ocrx_word' id='word_1_442' title='bbox 2080 2217 2354 2267; x_wconf 82' lang='lat' dir='ltr'><strong>msnsere.&#39;</strong></span> <span class='ocrx_word' id='word_1_443' title='bbox 2412 2232 2459 2273; x_wconf 85' lang='lat' dir='ltr'><strong>c,</strong></span> <span class='ocrx_word' id='word_1_444' title='bbox 2494 2222 2577 2266; x_wconf 78' lang='lat'><strong>61.</strong></span> 
     </span>
     <span class='ocr_line' id='line_1_76' title="bbox 1518 2291 2578 2354; baseline 0 -11"><span class='ocrx_word' id='word_1_445' title='bbox 1518 2294 1536 2320; x_wconf 88' lang='lat'>‘</span> <span class='ocrx_word' id='word_1_446' title='bbox 1555 2294 1793 2354; x_wconf 71' lang='lat' dir='ltr'><strong>Triginta</strong></span> <span class='ocrx_word' id='word_1_447' title='bbox 1824 2294 1938 2343; x_wconf 86' lang='lat' dir='ltr'><strong>dies</strong></span> <span class='ocrx_word' id='word_1_448' title='bbox 1970 2292 2173 2344; x_wconf 88' lang='lat' dir='ltr'><strong>obsidio</strong></span> <span class='ocrx_word' id='word_1_449' title='bbox 2204 2291 2340 2343; x_wconf 84' lang='lat' dir='ltr'><strong>fuit.’</strong></span> <span class='ocrx_word' id='word_1_450' title='bbox 2371 2306 2578 2343; x_wconf 60' lang='grc' dir='ltr'><strong>ιιι-ιιι.</strong></span> 
     </span>
     <span class='ocr_line' id='line_1_77' title="bbox 1519 2368 2573 2431; baseline 0 -12"><span class='ocrx_word' id='word_1_451' title='bbox 1519 2372 1600 2419; x_wconf 85' lang='lat' dir='ltr'><strong>ll.</strong></span> <span class='ocrx_word' id='word_1_452' title='bbox 1632 2369 1809 2419; x_wconf 79' lang='lat' dir='ltr'><strong>‘Jussi</strong></span> <span class='ocrx_word' id='word_1_453' title='bbox 1850 2376 1905 2417; x_wconf 83' lang='lat' dir='ltr'><strong>et</strong></span> <span class='ocrx_word' id='word_1_454' title='bbox 1943 2368 2373 2431; x_wconf 66' lang='lat' dir='ltr'><strong>supplicationem</strong></span> <span class='ocrx_word' id='word_1_455' title='bbox 2417 2382 2573 2419; x_wconf 83' lang='lat' dir='ltr'><strong>unum</strong></span> 
     </span>
     <span class='ocr_line' id='line_1_78' title="bbox 1516 2440 2576 2494; baseline 0 -1"><span class='ocrx_word' id='word_1_456' title='bbox 1516 2444 1655 2493; x_wconf 75' lang='lat' dir='ltr'><strong>diem</strong></span> <span class='ocrx_word' id='word_1_457' title='bbox 1698 2444 1891 2493; x_wconf 76' lang='lat' dir='ltr'><strong>hsbere</strong></span> <span class='ocrx_word' id='word_1_458' title='bbox 1919 2442 1953 2493; x_wconf 73' lang='grc' dir='ltr'><strong>ι’</strong></span> <span class='ocrx_word' id='word_1_459' title='bbox 2004 2444 2093 2493; x_wconf 82' lang='lat' dir='ltr'><strong>ubl</strong></span> <span class='ocrx_word' id='word_1_460' title='bbox 2135 2440 2293 2494; x_wconf 77' lang='lat' dir='ltr'><strong>etism</strong></span> <span class='ocrx_word' id='word_1_461' title='bbox 2338 2443 2492 2493; x_wconf 80' lang='lat' dir='ltr'><strong>vide:</strong></span> <span class='ocrx_word' id='word_1_462' title='bbox 2527 2459 2576 2494; x_wconf 84' lang='lat' dir='ltr'><strong>e.</strong></span> 
     </span>
     <span class='ocr_line' id='line_1_79' title="bbox 1515 2518 2575 2580; baseline 0.002 -12"><span class='ocrx_word' id='word_1_463' title='bbox 1515 2521 1597 2569; x_wconf 79' lang='grc'><strong>89.</strong></span> <span class='ocrx_word' id='word_1_464' title='bbox 1630 2522 1644 2548; x_wconf 83' lang='lat'>⁸</span> <span class='ocrx_word' id='word_1_465' title='bbox 1664 2518 1750 2569; x_wconf 84' lang='lat' dir='ltr'><strong>Its</strong></span> <span class='ocrx_word' id='word_1_466' title='bbox 1784 2532 1870 2569; x_wconf 81' lang='lat' dir='ltr'><strong>res</strong></span> <span class='ocrx_word' id='word_1_467' title='bbox 1906 2520 1997 2567; x_wconf 81' lang='lat' dir='ltr'><strong>hos</strong></span> <span class='ocrx_word' id='word_1_468' title='bbox 2035 2532 2196 2569; x_wconf 87' lang='lat' dir='ltr'><strong>sunos</strong></span> <span class='ocrx_word' id='word_1_469' title='bbox 2230 2520 2282 2567; x_wconf 89' lang='lat' dir='ltr'><strong>iu</strong></span> <span class='ocrx_word' id='word_1_470' title='bbox 2320 2518 2575 2580; x_wconf 71' lang='lat' dir='ltr'><strong>Hispanis</strong></span> 
     </span>
     <span class='ocr_line' id='line_1_80' title="bbox 1513 2592 2575 2657; baseline 0 -14"><span class='ocrx_word' id='word_1_471' title='bbox 1513 2600 1671 2657; x_wconf 75' lang='lat' dir='ltr'><strong>atque</strong></span> <span class='ocrx_word' id='word_1_472' title='bbox 1712 2594 1869 2643; x_wconf 72' lang='lat' dir='ltr'><strong>Italis</strong></span> <span class='ocrx_word' id='word_1_473' title='bbox 1906 2594 2145 2657; x_wconf 68' lang='lat' dir='ltr'><strong>gessistis</strong></span> <span class='ocrx_word' id='word_1_474' title='bbox 2162 2597 2195 2641; x_wconf 71' lang='grc' dir='ltr'><strong>ε·</strong></span> <span class='ocrx_word' id='word_1_475' title='bbox 2226 2592 2291 2643; x_wconf 82' lang='lat' dir='ltr'><strong>sd</strong></span> <span class='ocrx_word' id='word_1_476' title='bbox 2313 2606 2465 2657; x_wconf 85' lang='lat' dir='ltr'><strong>quem</strong></span> <span class='ocrx_word' id='word_1_477' title='bbox 2502 2594 2575 2643; x_wconf 90' lang='lat' dir='ltr'><strong>lo-</strong></span> 
     </span>
     <span class='ocr_line' id='line_1_81' title="bbox 1514 2668 2573 2731; baseline 0 -14"><span class='ocrx_word' id='word_1_478' title='bbox 1514 2682 1629 2717; x_wconf 78' lang='lat' dir='ltr'><strong>cutu</strong></span> <span class='ocrx_word' id='word_1_479' title='bbox 1652 2671 1807 2718; x_wconf 81' lang='lat' dir='ltr'><strong>etism</strong></span> <span class='ocrx_word' id='word_1_480' title='bbox 1832 2668 2063 2717; x_wconf 81' lang='lat' dir='ltr'><strong>Gronov.</strong></span> <span class='ocrx_word' id='word_1_481' title='bbox 2086 2682 2261 2719; x_wconf 72' lang='lat' dir='ltr'><strong>veram</strong></span> <span class='ocrx_word' id='word_1_482' title='bbox 2289 2669 2441 2731; x_wconf 86' lang='lat' dir='ltr'><strong>hujus</strong></span> <span class='ocrx_word' id='word_1_483' title='bbox 2470 2670 2573 2719; x_wconf 89' lang='lat' dir='ltr'><strong>loci</strong></span> 
     </span>
     <span class='ocr_line' id='line_1_82' title="bbox 1515 2742 2573 2794; baseline 0.007 -7"><span class='ocrx_word' id='word_1_484' title='bbox 1515 2742 1788 2791; x_wconf 84' lang='lat' dir='ltr'><strong>lectionem</strong></span> <span class='ocrx_word' id='word_1_485' title='bbox 1834 2743 2083 2791; x_wconf 69' lang='lat' dir='ltr'><strong>adseruit.</strong></span> <span class='ocrx_word' id='word_1_486' title='bbox 2134 2755 2295 2791; x_wconf 83' lang='grc' dir='ltr'><strong>ιιιι.</strong></span> <span class='ocrx_word' id='word_1_487' title='bbox 2333 2748 2415 2793; x_wconf 82' lang='grc'><strong>84.</strong></span> <span class='ocrx_word' id='word_1_488' title='bbox 2449 2745 2573 2794; x_wconf 87' lang='lat' dir='ltr'><strong>‘Bi-</strong></span> 
     </span>
     <span class='ocr_line' id='line_1_83' title="bbox 1517 2816 2573 2867; baseline 0.003 -3"><span class='ocrx_word' id='word_1_489' title='bbox 1517 2816 1671 2865; x_wconf 84' lang='lat' dir='ltr'><strong>duum</strong></span> <span class='ocrx_word' id='word_1_490' title='bbox 1703 2817 1885 2865; x_wconf 85' lang='lat' dir='ltr'><strong>consul</strong></span> <span class='ocrx_word' id='word_1_491' title='bbox 1913 2826 1969 2866; x_wconf 89' lang='lat' dir='ltr'><strong>et</strong></span> <span class='ocrx_word' id='word_1_492' title='bbox 2003 2831 2096 2864; x_wconf 84' lang='lat' dir='ltr'><strong>rex</strong></span> <span class='ocrx_word' id='word_1_493' title='bbox 2128 2817 2429 2865; x_wconf 80' lang='lat' dir='ltr'><strong>continuere</strong></span> <span class='ocrx_word' id='word_1_494' title='bbox 2454 2831 2573 2867; x_wconf 87' lang='lat' dir='ltr'><strong>suos</strong></span> 
     </span>
     <span class='ocr_line' id='line_1_84' title="bbox 1515 2890 2571 2943; baseline 0.002 -4"><span class='ocrx_word' id='word_1_495' title='bbox 1515 2891 1654 2941; x_wconf 72' lang='lat' dir='ltr'><strong>iutra</strong></span> <span class='ocrx_word' id='word_1_496' title='bbox 1676 2890 1897 2939; x_wconf 66' lang='lat' dir='ltr'><strong>vallum·</strong></span> <span class='ocrx_word' id='word_1_497' title='bbox 1933 2903 2111 2941; x_wconf 84' lang='lat' dir='ltr'><strong>xxxv.</strong></span> <span class='ocrx_word' id='word_1_498' title='bbox 2130 2896 2212 2943; x_wconf 87' lang='grc'><strong>40.</strong></span> <span class='ocrx_word' id='word_1_499' title='bbox 2246 2891 2261 2917; x_wconf 89' lang='lat'>‘</span> <span class='ocrx_word' id='word_1_500' title='bbox 2278 2893 2439 2941; x_wconf 79' lang='lat' dir='ltr'><strong>Terrs</strong></span> <span class='ocrx_word' id='word_1_501' title='bbox 2460 2890 2571 2943; x_wconf 85' lang='lat' dir='ltr'><strong>dies</strong></span> 
     </span>
     <span class='ocr_line' id='line_1_85' title="bbox 1515 2965 2572 3031; baseline 0.003 -17"><span class='ocrx_word' id='word_1_502' title='bbox 1515 2965 2033 3031; x_wconf 71' lang='lat' dir='ltr'><strong>duodequadraginta</strong></span> <span class='ocrx_word' id='word_1_503' title='bbox 2080 2966 2274 3017; x_wconf 58' lang='lat' dir='ltr'><strong>movit?</strong></span> <span class='ocrx_word' id='word_1_504' title='bbox 2339 2967 2403 3018; x_wconf 84' lang='lat' dir='ltr'><strong>lu</strong></span> <span class='ocrx_word' id='word_1_505' title='bbox 2446 2983 2572 3031; x_wconf 87' lang='lat' dir='ltr'><strong>quo·</strong></span> 
     </span>
     <span class='ocr_line' id='line_1_86' title="bbox 1516 3041 2571 3106; baseline 0.003 -16"><span class='ocrx_word' id='word_1_506' title='bbox 1516 3056 1629 3090; x_wconf 85' lang='lat' dir='ltr'><strong>rum</strong></span> <span class='ocrx_word' id='word_1_507' title='bbox 1651 3042 1877 3090; x_wconf 84' lang='lat' dir='ltr'><strong>locorum</strong></span> <span class='ocrx_word' id='word_1_508' title='bbox 1900 3041 2203 3106; x_wconf 79' lang='lat' dir='ltr'><strong>quibusdum</strong></span> <span class='ocrx_word' id='word_1_509' title='bbox 2231 3044 2384 3093; x_wconf 86' lang='lat' dir='ltr'><strong>codd.</strong></span> <span class='ocrx_word' id='word_1_510' title='bbox 2415 3044 2571 3093; x_wconf 80' lang='lat' dir='ltr'><strong>levio·</strong></span> 
     </span>
     <span class='ocr_line' id='line_1_87' title="bbox 1512 3116 2573 3182; baseline 0.003 -16"><span class='ocrx_word' id='word_1_511' title='bbox 1512 3118 1584 3166; x_wconf 85' lang='lat' dir='ltr'><strong>ris</strong></span> <span class='ocrx_word' id='word_1_512' title='bbox 1608 3118 1931 3167; x_wconf 85' lang='lat' dir='ltr'><strong>suctoritstis</strong></span> <span class='ocrx_word' id='word_1_513' title='bbox 1962 3116 2155 3167; x_wconf 73' lang='lat' dir='ltr'><strong>librarii</strong></span> <span class='ocrx_word' id='word_1_514' title='bbox 2189 3118 2338 3167; x_wconf 86' lang='lat' dir='ltr'><strong>modo</strong></span> <span class='ocrx_word' id='word_1_515' title='bbox 2370 3133 2573 3182; x_wconf 64' lang='lat' dir='ltr'><strong>prepo-</strong></span> 
     </span>
     <span class='ocr_line' id='line_1_88' title="bbox 1513 3192 2574 3256; baseline 0.004 -15"><span class='ocrx_word' id='word_1_516' title='bbox 1513 3192 1751 3242; x_wconf 77' lang='lat' dir='ltr'><strong>sitione-</strong></span> <span class='ocrx_word' id='word_1_517' title='bbox 1770 3207 1874 3255; x_wconf 81' lang='lat' dir='ltr'><strong>per,</strong></span> <span class='ocrx_word' id='word_1_518' title='bbox 1895 3192 2051 3242; x_wconf 85' lang='lat' dir='ltr'><strong>modo</strong></span> <span class='ocrx_word' id='word_1_519' title='bbox 2073 3193 2491 3256; x_wconf 74' lang='lat' dir='ltr'><strong>praepositionem</strong></span> <span class='ocrx_word' id='word_1_520' title='bbox 2518 3195 2574 3245; x_wconf 68' lang='grc' dir='ltr'><strong>ι’·</strong></span> 
     </span>
     <span class='ocr_line' id='line_1_89' title="bbox 1512 3266 2569 3333; baseline 0.002 -17"><span class='ocrx_word' id='word_1_521' title='bbox 1512 3267 1842 3329; x_wconf 73' lang='lat' dir='ltr'><strong>addiderunt,</strong></span> <span class='ocrx_word' id='word_1_522' title='bbox 1864 3266 2017 3317; x_wconf 88' lang='lat' dir='ltr'><strong>modo</strong></span> <span class='ocrx_word' id='word_1_523' title='bbox 2049 3282 2225 3317; x_wconf 84' lang='lat' dir='ltr'><strong>essum</strong></span> <span class='ocrx_word' id='word_1_524' title='bbox 2248 3277 2483 3333; x_wconf 73' lang='lat' dir='ltr'><strong>quartum</strong></span> <span class='ocrx_word' id='word_1_525' title='bbox 2516 3270 2569 3318; x_wconf 86' lang='lat' dir='ltr'><strong>iu</strong></span> 
     </span>
     <span class='ocr_line' id='line_1_90' title="bbox 1511 3343 2569 3394; baseline 0.002 -3"><span class='ocrx_word' id='word_1_526' title='bbox 1511 3352 1715 3393; x_wconf 85' lang='lat' dir='ltr'><strong>sextum</strong></span> <span class='ocrx_word' id='word_1_527' title='bbox 1757 3350 2039 3393; x_wconf 74' lang='lat' dir='ltr'><strong>mutarunt.</strong></span> <span class='ocrx_word' id='word_1_528' title='bbox 2103 3343 2240 3393; x_wconf 87' lang='lat' dir='ltr'><strong>Vide</strong></span> <span class='ocrx_word' id='word_1_529' title='bbox 2292 3344 2448 3393; x_wconf 86' lang='lat' dir='ltr'><strong>etism</strong></span> <span class='ocrx_word' id='word_1_530' title='bbox 2501 3343 2569 3394; x_wconf 76' lang='lat' dir='ltr'><strong>sd</strong></span> 
     </span>
     <span class='ocr_line' id='line_1_91' title="bbox 1509 3420 2569 3485; baseline 0 -16"><span class='ocrx_word' id='word_1_531' title='bbox 1509 3432 1687 3472; x_wconf 79' lang='lat' dir='ltr'><strong>xxxv.</strong></span> <span class='ocrx_word' id='word_1_532' title='bbox 1707 3424 1793 3471; x_wconf 88' lang='grc'><strong>40.</strong></span> <span class='ocrx_word' id='word_1_533' title='bbox 1828 3422 1857 3485; x_wconf 80' lang='lat'>§</span> <span class='ocrx_word' id='word_1_534' title='bbox 1880 3424 1931 3471; x_wconf 80' lang='lat'><strong>8.</strong></span> <span class='ocrx_word' id='word_1_535' title='bbox 1969 3420 2089 3472; x_wconf 82' lang='lat' dir='ltr'><strong>Jsc.</strong></span> <span class='ocrx_word' id='word_1_536' title='bbox 2110 3420 2341 3471; x_wconf 83' lang='lat' dir='ltr'><strong>Gronov.</strong></span> <span class='ocrx_word' id='word_1_537' title='bbox 2363 3421 2431 3471; x_wconf 83' lang='lat' dir='ltr'><strong>sd</strong></span> <span class='ocrx_word' id='word_1_538' title='bbox 2458 3422 2569 3473; x_wconf 60' lang='grc' dir='ltr'><strong>[ἄν.</strong></span> 
     </span>
     <span class='ocr_line' id='line_1_92' title="bbox 1513 3497 2569 3561; baseline 0.001 -17"><span class='ocrx_word' id='word_1_539' title='bbox 1513 3508 1683 3547; x_wconf 85' lang='grc' dir='ltr'><strong>ιιιιι.</strong></span> <span class='ocrx_word' id='word_1_540' title='bbox 1723 3500 1804 3547; x_wconf 87' lang='grc'><strong>20.</strong></span> <span class='ocrx_word' id='word_1_541' title='bbox 1838 3498 1939 3561; x_wconf 71' lang='lat'><strong>§2-</strong></span> <span class='ocrx_word' id='word_1_542' title='bbox 1974 3503 2031 3547; x_wconf 89' lang='lat' dir='ltr'><strong>et</strong></span> <span class='ocrx_word' id='word_1_543' title='bbox 2064 3497 2296 3545; x_wconf 88' lang='lat' dir='ltr'><strong>Cortium</strong></span> <span class='ocrx_word' id='word_1_544' title='bbox 2337 3497 2403 3546; x_wconf 84' lang='lat' dir='ltr'><strong>sd</strong></span> <span class='ocrx_word' id='word_1_545' title='bbox 2440 3498 2569 3547; x_wconf 84' lang='lat' dir='ltr'><strong>Ssll.</strong></span> 
     </span>
     <span class='ocr_line' id='line_1_93' title="bbox 1508 3570 2569 3635; baseline 0.003 -14"><span class='ocrx_word' id='word_1_546' title='bbox 1508 3570 1633 3632; x_wconf 80' lang='lat' dir='ltr'><strong>Jug.</strong></span> <span class='ocrx_word' id='word_1_547' title='bbox 1666 3584 1713 3621; x_wconf 86' lang='lat' dir='ltr'><strong>o.</strong></span> <span class='ocrx_word' id='word_1_548' title='bbox 1737 3576 1819 3623; x_wconf 85' lang='grc'><strong>24.</strong></span> <span class='ocrx_word' id='word_1_549' title='bbox 1856 3574 1885 3635; x_wconf 85' lang='lat'>§</span> <span class='ocrx_word' id='word_1_550' title='bbox 1911 3576 1960 3622; x_wconf 83' lang='grc'><strong>8.</strong></span> <span class='ocrx_word' id='word_1_551' title='bbox 2028 3572 2295 3622; x_wconf 77' lang='lat' dir='ltr'><strong>Proeteres</strong></span> <span class='ocrx_word' id='word_1_552' title='bbox 2326 3576 2487 3623; x_wconf 77' lang='lat' dir='ltr'><strong>decem</strong></span> <span class='ocrx_word' id='word_1_553' title='bbox 2517 3581 2569 3624; x_wconf 75' lang='lat' dir='ltr'><strong>et</strong></span> 
     </span>
     <span class='ocr_line' id='line_1_94' title="bbox 1507 3648 2564 3712; baseline 0.006 -18"><span class='ocrx_word' id='word_1_554' title='bbox 1507 3652 1629 3703; x_wconf 76' lang='lat' dir='ltr'><strong>octo,</strong></span> <span class='ocrx_word' id='word_1_555' title='bbox 1647 3648 1783 3711; x_wconf 85' lang='lat' dir='ltr'><strong>quod</strong></span> <span class='ocrx_word' id='word_1_556' title='bbox 1806 3648 2047 3712; x_wconf 76' lang='lat' dir='ltr'><strong>Sigonius</strong></span> <span class='ocrx_word' id='word_1_557' title='bbox 2069 3650 2227 3697; x_wconf 86' lang='lat' dir='ltr'><strong>etism</strong></span> <span class='ocrx_word' id='word_1_558' title='bbox 2250 3664 2317 3699; x_wconf 87' lang='lat' dir='ltr'><strong>ex</strong></span> <span class='ocrx_word' id='word_1_559' title='bbox 2339 3658 2445 3699; x_wconf 83' lang='lat' dir='ltr'><strong>vet.</strong></span> <span class='ocrx_word' id='word_1_560' title='bbox 2470 3651 2564 3699; x_wconf 85' lang='lat' dir='ltr'><strong>lib.</strong></span> 
     </span>
     <span class='ocr_line' id='line_1_95' title="bbox 1508 3723 2565 3788; baseline 0.008 -20"><span class='ocrx_word' id='word_1_561' title='bbox 1508 3723 1761 3785; x_wconf 79' lang='lat' dir='ltr'><strong>reposuit,</strong></span> <span class='ocrx_word' id='word_1_562' title='bbox 1782 3724 1835 3771; x_wconf 89' lang='lat' dir='ltr'><strong>in</strong></span> <span class='ocrx_word' id='word_1_563' title='bbox 1868 3723 2009 3771; x_wconf 84' lang='lat' dir='ltr'><strong>nullo</strong></span> <span class='ocrx_word' id='word_1_564' title='bbox 2044 3724 2182 3785; x_wconf 85' lang='lat' dir='ltr'><strong>spud</strong></span> <span class='ocrx_word' id='word_1_565' title='bbox 2218 3740 2301 3775; x_wconf 85' lang='lat' dir='ltr'><strong>me</strong></span> <span class='ocrx_word' id='word_1_566' title='bbox 2323 3736 2565 3788; x_wconf 81' lang='lat' dir='ltr'><strong>superest</strong></span> 
     </span>
     <span class='ocr_line' id='line_1_96' title="bbox 1506 3798 2565 3862; baseline 0.005 -16"><span class='ocrx_word' id='word_1_567' title='bbox 1506 3798 1709 3859; x_wconf 86' lang='lat' dir='ltr'><strong>codiee,</strong></span> <span class='ocrx_word' id='word_1_568' title='bbox 1725 3798 1819 3847; x_wconf 88' lang='lat' dir='ltr'><strong>nisi</strong></span> <span class='ocrx_word' id='word_1_569' title='bbox 1836 3798 1885 3847; x_wconf 92' lang='lat' dir='ltr'><strong>in</strong></span> <span class='ocrx_word' id='word_1_570' title='bbox 1902 3799 2163 3862; x_wconf 74' lang='lat' dir='ltr'><strong>Sigouiani</strong></span> <span class='ocrx_word' id='word_1_571' title='bbox 2182 3800 2399 3850; x_wconf 83' lang='lat' dir='ltr'><strong>sdseclis</strong></span> <span class='ocrx_word' id='word_1_572' title='bbox 2415 3802 2565 3853; x_wconf 75' lang='lat' dir='ltr'><strong>Harl.</strong></span> 
     </span>
     <span class='ocr_line' id='line_1_97' title="bbox 1505 3872 2561 3926; baseline 0.005 -5"><span class='ocrx_word' id='word_1_573' title='bbox 1505 3872 1725 3921; x_wconf 85' lang='lat' dir='ltr'><strong>Gsertn.</strong></span> <span class='ocrx_word' id='word_1_574' title='bbox 1761 3883 1815 3921; x_wconf 82' lang='lat' dir='ltr'><strong>et</strong></span> <span class='ocrx_word' id='word_1_575' title='bbox 1846 3874 1983 3923; x_wconf 72' lang='lat' dir='ltr'><strong>Hev-</strong></span> <span class='ocrx_word' id='word_1_576' title='bbox 2016 3883 2074 3922; x_wconf 88' lang='lat' dir='ltr'><strong>ut</strong></span> <span class='ocrx_word' id='word_1_577' title='bbox 2104 3876 2233 3923; x_wconf 86' lang='lat' dir='ltr'><strong>etin</strong></span> <span class='ocrx_word' id='word_1_578' title='bbox 2255 3877 2375 3925; x_wconf 83' lang='lat' dir='ltr'><strong>edd.</strong></span> <span class='ocrx_word' id='word_1_579' title='bbox 2412 3878 2561 3926; x_wconf 85' lang='lat' dir='ltr'><strong>Rom.</strong></span> 
     </span>
     <span class='ocr_line' id='line_1_98' title="bbox 1505 3948 2561 4013; baseline 0.002 -18"><span class='ocrx_word' id='word_1_580' title='bbox 1505 3948 1653 3996; x_wconf 78' lang='grc'><strong>1472.</strong></span> <span class='ocrx_word' id='word_1_581' title='bbox 1667 3960 1730 3995; x_wconf 89' lang='lat' dir='ltr'><strong>sc</strong></span> <span class='ocrx_word' id='word_1_582' title='bbox 1751 3948 1925 3996; x_wconf 79' lang='lat' dir='ltr'><strong>Parm.</strong></span> <span class='ocrx_word' id='word_1_583' title='bbox 1980 3948 2175 3997; x_wconf 84' lang='lat' dir='ltr'><strong>Omnes</strong></span> <span class='ocrx_word' id='word_1_584' title='bbox 2196 3950 2381 4012; x_wconf 85' lang='lat' dir='ltr'><strong>reliqui</strong></span> <span class='ocrx_word' id='word_1_585' title='bbox 2400 3952 2561 4013; x_wconf 80' lang='lat' dir='ltr'><strong>scrip-</strong></span> 
     </span>
     <span class='ocr_line' id='line_1_99' title="bbox 1504 4021 2563 4084; baseline 0.006 -15"><span class='ocrx_word' id='word_1_586' title='bbox 1504 4022 1544 4070; x_wconf 86' lang='lat' dir='ltr'><strong>ti</strong></span> <span class='ocrx_word' id='word_1_587' title='bbox 1571 4035 1666 4084; x_wconf 82' lang='lat' dir='ltr'><strong>per</strong></span> <span class='ocrx_word' id='word_1_588' title='bbox 1687 4036 1925 4071; x_wconf 83' lang='lat' dir='ltr'><strong>numeros</strong></span> <span class='ocrx_word' id='word_1_589' title='bbox 1946 4021 2189 4072; x_wconf 84' lang='lat' dir='ltr'><strong>exhibent</strong></span> <span class='ocrx_word' id='word_1_590' title='bbox 2218 4024 2321 4073; x_wconf 77' lang='lat' dir='ltr'><strong>dies</strong></span> <span class='ocrx_word' id='word_1_591' title='bbox 2334 4024 2399 4077; x_wconf 79' lang='lat' dir='ltr'><em>X</em></span> <span class='ocrx_word' id='word_1_592' title='bbox 2409 4024 2563 4075; x_wconf 84' lang='lat' dir='ltr'><strong><em>VIII.</em></strong></span> 
     </span>
     <span class='ocr_line' id='line_1_100' title="bbox 1503 4096 2561 4163; baseline 0.005 -19"><span class='ocrx_word' id='word_1_593' title='bbox 1503 4098 1739 4159; x_wconf 66' lang='lat' dir='ltr'><strong>relique,</strong></span> <span class='ocrx_word' id='word_1_594' title='bbox 1760 4111 1889 4161; x_wconf 86' lang='lat' dir='ltr'><strong>quss</strong></span> <span class='ocrx_word' id='word_1_595' title='bbox 1922 4097 2043 4155; x_wconf 80' lang='lat' dir='ltr'><strong>vidi,</strong></span> <span class='ocrx_word' id='word_1_596' title='bbox 2063 4096 2185 4145; x_wconf 85' lang='lat' dir='ltr'><strong>edd.</strong></span> <span class='ocrx_word' id='word_1_597' title='bbox 2216 4099 2425 4161; x_wconf 71' lang='lat' dir='ltr'><strong>sigonio</strong></span> <span class='ocrx_word' id='word_1_598' title='bbox 2456 4102 2561 4163; x_wconf 88' lang='lat' dir='ltr'><strong>pri-</strong></span> 
     </span>
     <span class='ocr_line' id='line_1_101' title="bbox 2188 4174 2559 4227; baseline 0.005 -2"><span class='ocrx_word' id='word_1_599' title='bbox 2188 4174 2341 4225; x_wconf 79' lang='lat' dir='ltr'><strong>Quod</strong></span> <span class='ocrx_word' id='word_1_600' title='bbox 2382 4190 2559 4227; x_wconf 80' lang='lat' dir='ltr'><strong>verum</strong></span> 
     </span>
     <span class='ocr_line' id='line_1_102' title="bbox 1501 4248 2559 4311; baseline 0.008 -14"><span class='ocrx_word' id='word_1_601' title='bbox 1501 4248 1741 4311; x_wconf 83' lang='lat' dir='ltr'><strong>conjicio,</strong></span> <span class='ocrx_word' id='word_1_602' title='bbox 1785 4250 1885 4298; x_wconf 88' lang='lat' dir='ltr'><strong>uisi</strong></span> <span class='ocrx_word' id='word_1_603' title='bbox 1938 4248 2040 4297; x_wconf 78' lang='lat' dir='ltr'><strong>dies</strong></span> <span class='ocrx_word' id='word_1_604' title='bbox 2092 4251 2343 4300; x_wconf 71' lang='lat' dir='ltr'><strong>octodecim</strong></span> <span class='ocrx_word' id='word_1_605' title='bbox 2394 4251 2559 4305; x_wconf 74' lang='lat' dir='ltr'><strong>maiis·</strong></span> 
     </span>
    </p>
   </div>
  </div>
 </body>
</html>
